{"timestamp_utc": "2026-03-24T13:12:13Z", "market_key": "SOL15M_2026-03-24T14:30:00Z", "price": 0.5099998316998873, "size": 1.960783, "side": "buy", "trade_id": "0x558c8cc6dad2b823b3023684587ead0aeb420c0e2731f39ddd91b76c4c0c5d5f:73676616590720521273740780131017159863813146877221281593001166957062985730357:1774357933", "outcome": "up"}
{"timestamp_utc": "2026-03-24T13:42:05Z", "market_key": "SOL15M_2026-03-24T14:30:00Z", "price": 0.519375, "size": 80.0, "side": "buy", "trade_id": "0xbcb2a0530cc4db0e45ff69f0f0f92621681f8f3e215fb6acb12be1eaed509c28:73676616590720521273740780131017159863813146877221281593001166957062985730357:1774359725", "outcome": "up"}
{"timestamp_utc": "2026-03-24T14:00:09Z", "market_key": "SOL15M_2026-03-24T14:30:00Z", "price": 0.519999989599995, "size": 3.846152, "side": "buy", "trade_id": "0xb07f4302a280517670e27636ed3be4b16932f6df304ba1f717ee18fa74a65ff2:73676616590720521273740780131017159863813146877221281593001166957062985730357:1774360809", "outcome": "up"}
{"timestamp_utc": "2026-03-24T14:00:19Z", "market_key": "SOL15M_2026-03-24T14:30:00Z", "price": 0.527118406119917, "size": 5.691319, "side": "buy", "trade_id": "0xa86720eb59c170c2419a0b2c5a3437d246ca1931648a15aabd41c2edc56627e7:73676616590720521273740780131017159863813146877221281593001166957062985730357:1774360819", "outcome": "up"}
{"timestamp_utc": "2026-03-24T14:05:35Z", "market_key": "SOL15M_2026-03-24T14:30:00Z", "price": 0.53, "size": 17.55, "side": "buy", "trade_id": "0xe2f975b47a0956e0998e41f471e433103e1e4e5c14ba279bf4132d7df4fcda80:73676616590720521273740780131017159863813146877221281593001166957062985730357:1774361135", "outcome": "up"}
{"timestamp_utc": "2026-03-24T14:06:05Z", "market_key": "SOL15M_2026-03-24T14:30:00Z", "price": 0.53, "size": 9.39, "side": "buy", "trade_id": "0x237bb6aebe32274bd194fc9f0d09d924aae9a53e7179ed61036285a2c2b118e3:73676616590720521273740780131017159863813146877221281593001166957062985730357:1774361165", "outcome": "up"}
{"timestamp_utc": "2026-03-24T14:06:27Z", "market_key": "SOL15M_2026-03-24T14:30:00Z", "price": 0.47, "size": 5.0, "side": "buy", "trade_id": "0x347729e9f59c17d52c8296db58663407a4d9f105db0bd12554265b17dbcccecc:26214835708641952251627118906456876004658833141107928128218392761452134762440:1774361187", "outcome": "down"}
{"timestamp_utc": "2026-03-24T14:08:35Z", "market_key": "SOL15M_2026-03-24T14:30:00Z", "price": 0.45, "size": 5.48, "side": "sell", "trade_id": "0xae627f5535b4460b7b7d70aaf1ce3567aefca1e44b838ae57e9b8084f57d7f41:26214835708641952251627118906456876004658833141107928128218392761452134762440:1774361315", "outcome": "down"}
{"timestamp_utc": "2026-03-24T14:09:17Z", "market_key": "SOL15M_2026-03-24T14:30:00Z", "price": 0.47, "size": 5.0, "side": "buy", "trade_id": "0xb54aa1d8addcff10cf4e4a28f404cbbca82bd1457f1b55f74e8d23b46d47f1e3:26214835708641952251627118906456876004658833141107928128218392761452134762440:1774361357", "outcome": "down"}
{"timestamp_utc": "2026-03-24T14:09:43Z", "market_key": "SOL15M_2026-03-24T14:30:00Z", "price": 0.45, "size": 4.92, "side": "sell", "trade_id": "0x494686f89f9f5f597e719688f969e5f20a88370b5b41b705e497863841c32bad:26214835708641952251627118906456876004658833141107928128218392761452134762440:1774361383", "outcome": "down"}
{"timestamp_utc": "2026-03-24T14:12:03Z", "market_key": "SOL15M_2026-03-24T14:30:00Z", "price": 0.47, "size": 24.04, "side": "buy", "trade_id": "0x81dd6ac084dee9213b4d919d852d355ad81a62c0884a56912769497f3d585784:26214835708641952251627118906456876004658833141107928128218392761452134762440:1774361523", "outcome": "down"}
{"timestamp_utc": "2026-03-24T14:12:05Z", "market_key": "SOL15M_2026-03-24T14:30:00Z", "price": 0.55, "size": 26.6, "side": "buy", "trade_id": "0x62ac228737a5ad704390e5e72633721402ce7a2d8156174d2ceb4f0276656639:73676616590720521273740780131017159863813146877221281593001166957062985730357:1774361525", "outcome": "up"}
{"timestamp_utc": "2026-03-24T14:12:23Z", "market_key": "SOL15M_2026-03-24T14:30:00Z", "price": 0.4499999549999955, "size": 11.11111, "side": "buy", "trade_id": "0x41f679ededb05cdb701c3e8335455c0e7a0e5e03f2301013f83496e2ce61ec40:26214835708641952251627118906456876004658833141107928128218392761452134762440:1774361543", "outcome": "down"}
{"timestamp_utc": "2026-03-24T14:12:23Z", "market_key": "SOL15M_2026-03-24T14:30:00Z", "price": 0.56, "size": 53.0, "side": "buy", "trade_id": "0x4c221810b7e15d198e7f71a7365edda39d80e0e7005efb5103c143e0098f64a6:73676616590720521273740780131017159863813146877221281593001166957062985730357:1774361543", "outcome": "up"}
{"timestamp_utc": "2026-03-24T14:13:23Z", "market_key": "SOL15M_2026-03-24T14:30:00Z", "price": 0.44422222222222224, "size": 45.0, "side": "buy", "trade_id": "0xc43e0c7345619d495422607a23aaa13981c88aaff95de7ed6d3713c15f8eea41:26214835708641952251627118906456876004658833141107928128218392761452134762440:1774361603", "outcome": "down"}
{"timestamp_utc": "2026-03-24T14:13:29Z", "market_key": "SOL15M_2026-03-24T14:30:00Z", "price": 0.5679036501916982, "size": 176.086204, "side": "buy", "trade_id": "0x6b2d9257f11f673fb25b825abb80a1592ce3909f680d9cef88eaead744459e1c:73676616590720521273740780131017159863813146877221281593001166957062985730357:1774361609", "outcome": "up"}
{"timestamp_utc": "2026-03-24T14:13:29Z", "market_key": "SOL15M_2026-03-24T14:30:00Z", "price": 0.5799999860799989, "size": 17.241378, "side": "buy", "trade_id": "0x988feb364cc0cf8dd516e93169472f81d61f755e14086ac2874de2d049c20d1c:73676616590720521273740780131017159863813146877221281593001166957062985730357:1774361609", "outcome": "up"}
{"timestamp_utc": "2026-03-24T14:14:21Z", "market_key": "SOL15M_2026-03-24T14:30:00Z", "price": 0.5899999866266652, "size": 25.423726, "side": "buy", "trade_id": "0x33103145116feaf44237658fd05764d5a5ef8f79b1b0a47dbacfb73c88bf44f8:73676616590720521273740780131017159863813146877221281593001166957062985730357:1774361661", "outcome": "up"}
{"timestamp_utc": "2026-03-24T14:14:45Z", "market_key": "SOL15M_2026-03-24T14:30:00Z", "price": 0.6123184857331199, "size": 318.57, "side": "buy", "trade_id": "0xcb89f230a45aa8df05c40d5fc0a67cd00ad67f9ef11efa0bb8544562fe88b22c:73676616590720521273740780131017159863813146877221281593001166957062985730357:1774361685", "outcome": "up"}
{"timestamp_utc": "2026-03-24T14:14:47Z", "market_key": "SOL15M_2026-03-24T14:30:00Z", "price": 0.6499999982930672, "size": 117.169228, "side": "buy", "trade_id": "0x7ea8060ac84e1e925af5a44e7ecad27d303a5e28f32ba5d3c6b825e165cac32a:73676616590720521273740780131017159863813146877221281593001166957062985730357:1774361687", "outcome": "up"}
{"timestamp_utc": "2026-03-24T14:14:47Z", "market_key": "SOL15M_2026-03-24T14:30:00Z", "price": 0.6384537063485298, "size": 710.184614, "side": "buy", "trade_id": "0x2ca025003d1850dd610950e61cb3d67f996ba038036a4f78718fff9e134716c0:73676616590720521273740780131017159863813146877221281593001166957062985730357:1774361687", "outcome": "up"}
{"timestamp_utc": "2026-03-24T14:14:51Z", "market_key": "SOL15M_2026-03-24T14:30:00Z", "price": 0.65, "size": 20.0, "side": "buy", "trade_id": "0xdf5dc5072b4aee5fe38c8a9f4aa9ed73de9db6305215bffbffe3c5483ffab652:73676616590720521273740780131017159863813146877221281593001166957062985730357:1774361691", "outcome": "up"}
{"timestamp_utc": "2026-03-24T14:14:59Z", "market_key": "SOL15M_2026-03-24T14:30:00Z", "price": 0.4, "size": 14.0, "side": "buy", "trade_id": "0x344667efe10a9669799dbaa5d8dbca1d5af43128efa15a0aa601d2299595c448:26214835708641952251627118906456876004658833141107928128218392761452134762440:1774361699", "outcome": "down"}
{"timestamp_utc": "2026-03-24T14:14:59Z", "market_key": "SOL15M_2026-03-24T14:30:00Z", "price": 0.6499999078013008, "size": 2.169228, "side": "buy", "trade_id": "0x2792eeebe9e1d1b6add907969aee569f048ef8b27b968ce6edbe4785116cc280:73676616590720521273740780131017159863813146877221281593001166957062985730357:1774361699", "outcome": "up"}
{"timestamp_utc": "2026-03-24T14:15:03Z", "market_key": "SOL15M_2026-03-24T14:30:00Z", "price": 0.4, "size": 17.67, "side": "buy", "trade_id": "0x3b536e82c0ad37071251408f60d52eb35e9ea90eebbe5d111c7204dc4fa53426:26214835708641952251627118906456876004658833141107928128218392761452134762440:1774361703", "outcome": "down"}
{"timestamp_utc": "2026-03-24T14:15:05Z", "market_key": "SOL15M_2026-03-24T14:30:00Z", "price": 0.4, "size": 48.33, "side": "buy", "trade_id": "0x518beae571786efb3e439614d0873b6320ad4becc3b9a4666947504bf57b1e9f:26214835708641952251627118906456876004658833141107928128218392761452134762440:1774361705", "outcome": "down"}
{"timestamp_utc": "2026-03-24T14:15:05Z", "market_key": "SOL15M_2026-03-24T14:30:00Z", "price": 0.61, "size": 10.0, "side": "buy", "trade_id": "0x9872f9e0b2142717ce1943c32576de5942f7ce2ef795f19de0836b3f7869916f:73676616590720521273740780131017159863813146877221281593001166957062985730357:1774361705", "outcome": "up"}
{"timestamp_utc": "2026-03-24T14:15:05Z", "market_key": "SOL15M_2026-03-24T14:30:00Z", "price": 0.422744776119403, "size": 134.0, "side": "buy", "trade_id": "0xf5d276bb13e9b6a1595e73b4632d6c973a469519347827728cdb16462e778ba1:26214835708641952251627118906456876004658833141107928128218392761452134762440:1774361705", "outcome": "down"}
{"timestamp_utc": "2026-03-24T14:15:05Z", "market_key": "SOL15M_2026-03-24T14:30:00Z", "price": 0.43, "size": 134.0, "side": "buy", "trade_id": "0xd0dd4f9584a9d516c2085dac0c5fb70fb4992b1c3a0b549639bdedb4c5d225cb:26214835708641952251627118906456876004658833141107928128218392761452134762440:1774361705", "outcome": "down"}
{"timestamp_utc": "2026-03-24T14:15:05Z", "market_key": "SOL15M_2026-03-24T14:30:00Z", "price": 0.42, "size": 134.0, "side": "buy", "trade_id": "0xae770717decf3b362a3070542740df779c82fe1da30af635dead81410bee221a:26214835708641952251627118906456876004658833141107928128218392761452134762440:1774361705", "outcome": "down"}
{"timestamp_utc": "2026-03-24T14:15:05Z", "market_key": "SOL15M_2026-03-24T14:30:00Z", "price": 0.43, "size": 134.0, "side": "buy", "trade_id": "0x4ead8ecd38311fe5b3dc30f7923e755cd18d09b9d57b6bdaa5ec67dbb9b001b2:26214835708641952251627118906456876004658833141107928128218392761452134762440:1774361705", "outcome": "down"}
{"timestamp_utc": "2026-03-24T14:15:07Z", "market_key": "SOL15M_2026-03-24T14:30:00Z", "price": 0.4199998235998977, "size": 2.380951, "side": "buy", "trade_id": "0xd284f0888d672cbd4bb261d3e431607cf033d33565d9b06c2c0482242d6f2367:26214835708641952251627118906456876004658833141107928128218392761452134762440:1774361707", "outcome": "down"}
{"timestamp_utc": "2026-03-24T14:15:07Z", "market_key": "SOL15M_2026-03-24T14:30:00Z", "price": 0.42, "size": 7.0, "side": "buy", "trade_id": "0x4b9d3e2e43d5963be49eb2889c26c95340049318332b6f72984318b86ddd7ca3:26214835708641952251627118906456876004658833141107928128218392761452134762440:1774361707", "outcome": "down"}
{"timestamp_utc": "2026-03-24T14:15:07Z", "market_key": "SOL15M_2026-03-24T14:30:00Z", "price": 0.4199998235998977, "size": 2.380951, "side": "buy", "trade_id": "0x2759fc4b3677a35347f0432595e03ac3563844b0656bad95c475ec3e4175e065:26214835708641952251627118906456876004658833141107928128218392761452134762440:1774361707", "outcome": "down"}
{"timestamp_utc": "2026-03-24T14:15:07Z", "market_key": "SOL15M_2026-03-24T14:30:00Z", "price": 0.5925925925925926, "size": 33.75, "side": "buy", "trade_id": "0x9656ecd0b03e257b758348c3ea3ae4be1d3d2d1b62bfb44df4cfa7a48f09d144:73676616590720521273740780131017159863813146877221281593001166957062985730357:1774361707", "outcome": "up"}
{"timestamp_utc": "2026-03-24T14:15:09Z", "market_key": "SOL15M_2026-03-24T14:30:00Z", "price": 0.41999998314136044, "size": 27.285713, "side": "buy", "trade_id": "0xbc426114074f9eb08c14a95288c3ec026460f4f7e78ad791aded4597dcfeb16d:26214835708641952251627118906456876004658833141107928128218392761452134762440:1774361709", "outcome": "down"}
{"timestamp_utc": "2026-03-24T14:15:09Z", "market_key": "SOL15M_2026-03-24T14:30:00Z", "price": 0.424310284587092, "size": 50.670464, "side": "buy", "trade_id": "0x48d7412650ec5d0d259fc1294c83a98ece590bc83da739718d7017e039b11d3b:26214835708641952251627118906456876004658833141107928128218392761452134762440:1774361709", "outcome": "down"}
{"timestamp_utc": "2026-03-24T14:15:09Z", "market_key": "SOL15M_2026-03-24T14:30:00Z", "price": 0.4199999896343691, "size": 52.095237, "side": "buy", "trade_id": "0x5c3c7edbb3457be588507924db4c604f49d70016bf5f5964f72e91eb1e0ddb7a:26214835708641952251627118906456876004658833141107928128218392761452134762440:1774361709", "outcome": "down"}
{"timestamp_utc": "2026-03-24T14:15:09Z", "market_key": "SOL15M_2026-03-24T14:30:00Z", "price": 0.4299999438575574, "size": 7.837208, "side": "buy", "trade_id": "0x8a9e674974db4ed3b435333c9f65e1c483064455310d20149140bdbdef376b7a:26214835708641952251627118906456876004658833141107928128218392761452134762440:1774361709", "outcome": "down"}
{"timestamp_utc": "2026-03-24T14:15:09Z", "market_key": "SOL15M_2026-03-24T14:30:00Z", "price": 0.4299999176595552, "size": 5.465115, "side": "buy", "trade_id": "0x9255fbad639a99f6f0c72601f0460e5cbae7054fa7ba511ec6a0b6cc8578cc64:26214835708641952251627118906456876004658833141107928128218392761452134762440:1774361709", "outcome": "down"}
{"timestamp_utc": "2026-03-24T14:15:09Z", "market_key": "SOL15M_2026-03-24T14:30:00Z", "price": 0.4299999974299863, "size": 136.186045, "side": "buy", "trade_id": "0x09d1e0f38c43bdb07c06d6d3b7f0a6cb649730e102918afedcb2566bcc6fa2c7:26214835708641952251627118906456876004658833141107928128218392761452134762440:1774361709", "outcome": "down"}
{"timestamp_utc": "2026-03-24T14:15:09Z", "market_key": "SOL15M_2026-03-24T14:30:00Z", "price": 0.4299998279998968, "size": 2.32558, "side": "buy", "trade_id": "0xab728cd6f7528a6591d907db7a779934cf37acda5c0ce1b842f94ad777572a5e:26214835708641952251627118906456876004658833141107928128218392761452134762440:1774361709", "outcome": "down"}
{"timestamp_utc": "2026-03-24T14:15:11Z", "market_key": "SOL15M_2026-03-24T14:30:00Z", "price": 0.43, "size": 10.0, "side": "buy", "trade_id": "0xb2bb0110919441e24795f64e411c2d44fa260acb533d6e8cfd5b471ce78fb49e:26214835708641952251627118906456876004658833141107928128218392761452134762440:1774361711", "outcome": "down"}
{"timestamp_utc": "2026-03-24T14:15:11Z", "market_key": "SOL15M_2026-03-24T14:30:00Z", "price": 0.45, "size": 5.2, "side": "buy", "trade_id": "0x5c64cd548d14f18ac81bf57ca6163b5c94f0126d885b3e855d8ed8bd69de2873:26214835708641952251627118906456876004658833141107928128218392761452134762440:1774361711", "outcome": "down"}
{"timestamp_utc": "2026-03-24T14:15:11Z", "market_key": "SOL15M_2026-03-24T14:30:00Z", "price": 0.5868, "size": 125.0, "side": "buy", "trade_id": "0xfc8da0c183a6b9b961af5a04cbf43ec2bb9f48a0fca00e54eef0aa8259154447:73676616590720521273740780131017159863813146877221281593001166957062985730357:1774361711", "outcome": "up"}
{"timestamp_utc": "2026-03-24T14:15:11Z", "market_key": "SOL15M_2026-03-24T14:30:00Z", "price": 0.4362423309995417, "size": 289.380443, "side": "buy", "trade_id": "0x2bfec1bd2b085c65bc0b8fc8bfe562628fffa8028005df718b39cf6bf06678c8:26214835708641952251627118906456876004658833141107928128218392761452134762440:1774361711", "outcome": "down"}
{"timestamp_utc": "2026-03-24T14:15:11Z", "market_key": "SOL15M_2026-03-24T14:30:00Z", "price": 0.57, "size": 17.0, "side": "buy", "trade_id": "0xa31dde314a30b089acd32eb156e8891cb4b526ccc9e675b659ed062018932b73:73676616590720521273740780131017159863813146877221281593001166957062985730357:1774361711", "outcome": "up"}
{"timestamp_utc": "2026-03-24T14:15:11Z", "market_key": "SOL15M_2026-03-24T14:30:00Z", "price": 0.56, "size": 8.0, "side": "buy", "trade_id": "0xa1814b31f4d218a4505e0d01b32b088acb73403b42795d4a89113711c9843838:73676616590720521273740780131017159863813146877221281593001166957062985730357:1774361711", "outcome": "up"}
{"timestamp_utc": "2026-03-24T14:15:11Z", "market_key": "SOL15M_2026-03-24T14:30:00Z", "price": 0.45999997809523263, "size": 7.304346, "side": "buy", "trade_id": "0xf8dd62755b025b15f4f2d376205e31764f111c89394b6e027bf9eebfcb158bc3:26214835708641952251627118906456876004658833141107928128218392761452134762440:1774361711", "outcome": "down"}
{"timestamp_utc": "2026-03-24T14:15:11Z", "market_key": "SOL15M_2026-03-24T14:30:00Z", "price": 0.45999992825685904, "size": 4.739129, "side": "buy", "trade_id": "0x832ac4baf3beee74b14274f5d932295434d986c9953430c0b39f7312fadc66c1:26214835708641952251627118906456876004658833141107928128218392761452134762440:1774361711", "outcome": "down"}
{"timestamp_utc": "2026-03-24T14:15:11Z", "market_key": "SOL15M_2026-03-24T14:30:00Z", "price": 0.45350610829025556, "size": 332.674679, "side": "buy", "trade_id": "0xd552bb0b23f822fc94632deaafb9d3813d79c0c943fce87b8c602fad2bc7efa2:26214835708641952251627118906456876004658833141107928128218392761452134762440:1774361711", "outcome": "down"}
{"timestamp_utc": "2026-03-24T14:15:11Z", "market_key": "SOL15M_2026-03-24T14:30:00Z", "price": 0.5729304205051748, "size": 95.491524, "side": "buy", "trade_id": "0x15754236e8829227e126097be0bca161b89726034d169eed3bbe653f7fbf58b5:73676616590720521273740780131017159863813146877221281593001166957062985730357:1774361711", "outcome": "up"}
{"timestamp_utc": "2026-03-24T14:15:11Z", "market_key": "SOL15M_2026-03-24T14:30:00Z", "price": 0.5628571428571428, "size": 7.0, "side": "buy", "trade_id": "0xc2f27de2bf294e06f13ab1298b04aad40f9142de08091da486a70c0f4d502e35:73676616590720521273740780131017159863813146877221281593001166957062985730357:1774361711", "outcome": "up"}
{"timestamp_utc": "2026-03-24T14:15:11Z", "market_key": "SOL15M_2026-03-24T14:30:00Z", "price": 0.4399999339999824, "size": 5.454544, "side": "buy", "trade_id": "0xc38564749150187762eaafca11d1ce07eff57c33ebc6f9549fec2e34687656a2:26214835708641952251627118906456876004658833141107928128218392761452134762440:1774361711", "outcome": "down"}
{"timestamp_utc": "2026-03-24T14:15:11Z", "market_key": "SOL15M_2026-03-24T14:30:00Z", "price": 0.38999998389130325, "size": 23.589742, "side": "buy", "trade_id": "0x8e259c4fa2250c0afd936a66c3e60caccb290bc2e74b6a0ed0a36a96c5a78347:26214835708641952251627118906456876004658833141107928128218392761452134762440:1774361711", "outcome": "down"}
{"timestamp_utc": "2026-03-24T14:15:13Z", "market_key": "SOL15M_2026-03-24T14:30:00Z", "price": 0.4533906146728354, "size": 30.26, "side": "buy", "trade_id": "0x34ce83cfffc508f60628c9ccbf924284ee7a7ae52281cd1ae29d5d77b9f3e656:26214835708641952251627118906456876004658833141107928128218392761452134762440:1774361713", "outcome": "down"}
{"timestamp_utc": "2026-03-24T14:15:13Z", "market_key": "SOL15M_2026-03-24T14:30:00Z", "price": 0.41, "size": 9.0, "side": "buy", "trade_id": "0xbe7778bcf73a4331edf777991ed8271f22cdaabf7cae48719ccef5616e2bfbf8:26214835708641952251627118906456876004658833141107928128218392761452134762440:1774361713", "outcome": "down"}
{"timestamp_utc": "2026-03-24T14:15:13Z", "market_key": "SOL15M_2026-03-24T14:30:00Z", "price": 0.4099999349206194, "size": 6.14634, "side": "buy", "trade_id": "0xe7ef0f7c7e382dc5e3a4894fec6f67cc0b6e28a18a028a067996c18bddcea915:26214835708641952251627118906456876004658833141107928128218392761452134762440:1774361713", "outcome": "down"}
{"timestamp_utc": "2026-03-24T14:15:13Z", "market_key": "SOL15M_2026-03-24T14:30:00Z", "price": 0.43999996479999576, "size": 11.363635, "side": "buy", "trade_id": "0x78e1b4a83e4b5803b6cd4ce228c637f308f996117a4483125a421ed607ac86f3:26214835708641952251627118906456876004658833141107928128218392761452134762440:1774361713", "outcome": "down"}
{"timestamp_utc": "2026-03-24T14:15:13Z", "market_key": "SOL15M_2026-03-24T14:30:00Z", "price": 0.4394106403313157, "size": 94.17, "side": "buy", "trade_id": "0xb7848b86d78421e0fb06043169428ba6543a2aa363e1525ab20c1ae3420769b5:26214835708641952251627118906456876004658833141107928128218392761452134762440:1774361713", "outcome": "down"}
{"timestamp_utc": "2026-03-24T14:15:13Z", "market_key": "SOL15M_2026-03-24T14:30:00Z", "price": 0.4340029317342145, "size": 54.19318, "side": "buy", "trade_id": "0xcd3d1f3d066e096e34813b0b26b5ad269664ba994877a1c7b673937f5cf6ac5d:26214835708641952251627118906456876004658833141107928128218392761452134762440:1774361713", "outcome": "down"}
{"timestamp_utc": "2026-03-24T14:15:13Z", "market_key": "SOL15M_2026-03-24T14:30:00Z", "price": 0.44, "size": 109.0, "side": "buy", "trade_id": "0xe1bcfa79b3272e80498107bf75c2f4f9e26c3d4cdfc5217e78991bcb6c30184d:26214835708641952251627118906456876004658833141107928128218392761452134762440:1774361713", "outcome": "down"}
{"timestamp_utc": "2026-03-24T14:15:13Z", "market_key": "SOL15M_2026-03-24T14:30:00Z", "price": 0.58, "size": 5.0, "side": "buy", "trade_id": "0x23c534a64742685466313431862bb61c10821d300f3cde139d8396785c510a0c:73676616590720521273740780131017159863813146877221281593001166957062985730357:1774361713", "outcome": "up"}
{"timestamp_utc": "2026-03-24T14:15:13Z", "market_key": "SOL15M_2026-03-24T14:30:00Z", "price": 0.5599999429818032, "size": 4.910713, "side": "buy", "trade_id": "0xa65adc79ded1078592918ace42e752c3500323e8ab3289d0b9585aafb7c3a148:73676616590720521273740780131017159863813146877221281593001166957062985730357:1774361713", "outcome": "up"}
{"timestamp_utc": "2026-03-24T14:15:13Z", "market_key": "SOL15M_2026-03-24T14:30:00Z", "price": 0.44, "size": 8.39, "side": "buy", "trade_id": "0x6a251d2b2d262ad1f57ab0b88178239196cf94d1f593b24aff7f39aa7774751e:26214835708641952251627118906456876004658833141107928128218392761452134762440:1774361713", "outcome": "down"}
{"timestamp_utc": "2026-03-24T14:15:13Z", "market_key": "SOL15M_2026-03-24T14:30:00Z", "price": 0.56, "size": 5.0, "side": "buy", "trade_id": "0x3e30b5552092b7532795ef722304328d7a92205bb2ec4073c460bdee27b1b188:73676616590720521273740780131017159863813146877221281593001166957062985730357:1774361713", "outcome": "up"}
{"timestamp_utc": "2026-03-24T14:16:17Z", "market_key": "SOL15M_2026-03-24T14:30:00Z", "price": 0.4699999787169741, "size": 5.638296, "side": "buy", "trade_id": "0x312d6a786cc6ca1023235a8fa25aed348736872bfa7a3fd2f01b318205b10ff0:73676616590720521273740780131017159863813146877221281593001166957062985730357:1774361777", "outcome": "up"}
{"timestamp_utc": "2026-03-24T14:16:17Z", "market_key": "SOL15M_2026-03-24T14:30:00Z", "price": 0.4577114197866378, "size": 21.847825, "side": "buy", "trade_id": "0x80dc6ff8c37659118f8278310399c7e860af687832ab577e5feaa735f81c2cbc:73676616590720521273740780131017159863813146877221281593001166957062985730357:1774361777", "outcome": "up"}
{"timestamp_utc": "2026-03-24T14:16:17Z", "market_key": "SOL15M_2026-03-24T14:30:00Z", "price": 0.56, "size": 2.4, "side": "sell", "trade_id": "0x563dfce2e91dd744ce9cf1fc8ceb239950a1da739ffc2f8d8b5066804588f49e:26214835708641952251627118906456876004658833141107928128218392761452134762440:1774361777", "outcome": "down"}
{"timestamp_utc": "2026-03-24T14:16:17Z", "market_key": "SOL15M_2026-03-24T14:30:00Z", "price": 0.57, "size": 8.69, "side": "buy", "trade_id": "0xec0db0c2bb06f2f4c2277a91dfc4c1f68c91f41ec2bf027aa0c2f43b47811d9b:26214835708641952251627118906456876004658833141107928128218392761452134762440:1774361777", "outcome": "down"}
{"timestamp_utc": "2026-03-24T14:16:17Z", "market_key": "SOL15M_2026-03-24T14:30:00Z", "price": 0.55, "size": 0.16, "side": "sell", "trade_id": "0xc998ad1b65d713abc1eb90b1bbb8c675778df0241555923a59f9da56d417a7df:26214835708641952251627118906456876004658833141107928128218392761452134762440:1774361777", "outcome": "down"}
{"timestamp_utc": "2026-03-24T14:16:17Z", "market_key": "SOL15M_2026-03-24T14:30:00Z", "price": 0.4574838363524484, "size": 174.869564, "side": "buy", "trade_id": "0xb78bce6287875f37d31192ad1f9a60d19612bf653fbc4965829c78f8bea288d2:73676616590720521273740780131017159863813146877221281593001166957062985730357:1774361777", "outcome": "up"}
{"timestamp_utc": "2026-03-24T14:16:17Z", "market_key": "SOL15M_2026-03-24T14:30:00Z", "price": 0.55, "size": 2.0, "side": "buy", "trade_id": "0xb23b8bb1959e69bac44a274b9312424d9db32d14c1a7fb6ec8f26596bf683759:26214835708641952251627118906456876004658833141107928128218392761452134762440:1774361777", "outcome": "down"}
{"timestamp_utc": "2026-03-24T14:16:19Z", "market_key": "SOL15M_2026-03-24T14:30:00Z", "price": 0.5730455179067031, "size": 7.189654, "side": "buy", "trade_id": "0xdc61348566dbc81c12643730f4f95be51c567c070078b50174d56bcebc7239d4:26214835708641952251627118906456876004658833141107928128218392761452134762440:1774361779", "outcome": "down"}
{"timestamp_utc": "2026-03-24T14:16:19Z", "market_key": "SOL15M_2026-03-24T14:30:00Z", "price": 0.58, "size": 17.81, "side": "buy", "trade_id": "0x5413d1e1b7bb799bc40bc85206ad94cd42a0fa2a912ba71d06d63b371a6ce677:26214835708641952251627118906456876004658833141107928128218392761452134762440:1774361779", "outcome": "down"}
{"timestamp_utc": "2026-03-24T14:16:19Z", "market_key": "SOL15M_2026-03-24T14:30:00Z", "price": 0.43273860324240715, "size": 11.554317, "side": "buy", "trade_id": "0x3ab4ea4cfa30a8fe008531efac7c1976ad1811c73115dcab9e668132f694f801:73676616590720521273740780131017159863813146877221281593001166957062985730357:1774361779", "outcome": "up"}
{"timestamp_utc": "2026-03-24T14:16:21Z", "market_key": "SOL15M_2026-03-24T14:30:00Z", "price": 0.429999945396815, "size": 7.32558, "side": "buy", "trade_id": "0xfe8ab2d510bc564891685b8b9fa64f8c24b71a9734b84b26f6c03b017a2f2148:73676616590720521273740780131017159863813146877221281593001166957062985730357:1774361781", "outcome": "up"}
{"timestamp_utc": "2026-03-24T14:16:21Z", "market_key": "SOL15M_2026-03-24T14:30:00Z", "price": 0.5871428571428572, "size": 17.5, "side": "buy", "trade_id": "0x2077b5e85997801998f8b77ba5d686068115ab460f30fc07547389a8e6245b2f:26214835708641952251627118906456876004658833141107928128218392761452134762440:1774361781", "outcome": "down"}
{"timestamp_utc": "2026-03-24T14:16:21Z", "market_key": "SOL15M_2026-03-24T14:30:00Z", "price": 0.59, "size": 3.0, "side": "buy", "trade_id": "0x0cc3768ab1d2266e5cca693dfd0fc902e644a8e7414470a1b486898d55d93a26:26214835708641952251627118906456876004658833141107928128218392761452134762440:1774361781", "outcome": "down"}
{"timestamp_utc": "2026-03-24T14:16:21Z", "market_key": "SOL15M_2026-03-24T14:30:00Z", "price": 0.57, "size": 2.4, "side": "sell", "trade_id": "0x4fca0b290c59d7ae1e6d9f0d6611b9c81050ea21ebb8097972148637df41da72:26214835708641952251627118906456876004658833141107928128218392761452134762440:1774361781", "outcome": "down"}
{"timestamp_utc": "2026-03-24T14:16:23Z", "market_key": "SOL15M_2026-03-24T14:30:00Z", "price": 0.58, "size": 8.39, "side": "buy", "trade_id": "0x4cdea944ad9bffa1ffea236d3c0e41c57a818b92457daf3642d9769314ba5900:26214835708641952251627118906456876004658833141107928128218392761452134762440:1774361783", "outcome": "down"}
{"timestamp_utc": "2026-03-24T14:16:23Z", "market_key": "SOL15M_2026-03-24T14:30:00Z", "price": 0.58, "size": 29.0, "side": "buy", "trade_id": "0xb74eaad4c921fe9e5858a9670c1db1348a73cd73b8b1380a8cd4729e42fd3812:26214835708641952251627118906456876004658833141107928128218392761452134762440:1774361783", "outcome": "down"}
{"timestamp_utc": "2026-03-24T14:16:23Z", "market_key": "SOL15M_2026-03-24T14:30:00Z", "price": 0.5799998330302246, "size": 2.275861, "side": "buy", "trade_id": "0x1fabb7aecd5dae37e14c776522034e868d053e97ddd7a45c531206643d357413:26214835708641952251627118906456876004658833141107928128218392761452134762440:1774361783", "outcome": "down"}
{"timestamp_utc": "2026-03-24T14:16:23Z", "market_key": "SOL15M_2026-03-24T14:30:00Z", "price": 0.44, "size": 8.39, "side": "buy", "trade_id": "0x929158bac53a0e30e524512b7dbf1f921b044d578e791948c016fc32e44f2002:73676616590720521273740780131017159863813146877221281593001166957062985730357:1774361783", "outcome": "up"}
{"timestamp_utc": "2026-03-24T14:16:23Z", "market_key": "SOL15M_2026-03-24T14:30:00Z", "price": 0.43, "size": 3.39, "side": "buy", "trade_id": "0xb55d95518bb670612c21d8fc4490f468eab49623171100be0ee6303a73d24e7b:73676616590720521273740780131017159863813146877221281593001166957062985730357:1774361783", "outcome": "up"}
{"timestamp_utc": "2026-03-24T14:16:23Z", "market_key": "SOL15M_2026-03-24T14:30:00Z", "price": 0.43, "size": 5.0, "side": "buy", "trade_id": "0x63b59a983edfbc3ba5c7a05474df6cde47fc613944c096e7435bacab1023f583:73676616590720521273740780131017159863813146877221281593001166957062985730357:1774361783", "outcome": "up"}
{"timestamp_utc": "2026-03-24T14:16:23Z", "market_key": "SOL15M_2026-03-24T14:30:00Z", "price": 0.58, "size": 126.0, "side": "buy", "trade_id": "0x09e4ccceedd9266380453e43a84e60c2fef42feb043c4e804539db83d4310ac7:26214835708641952251627118906456876004658833141107928128218392761452134762440:1774361783", "outcome": "down"}
{"timestamp_utc": "2026-03-24T14:16:25Z", "market_key": "SOL15M_2026-03-24T14:30:00Z", "price": 0.4299999931199994, "size": 23.255812, "side": "buy", "trade_id": "0x123f466aa19c04fc34b3beae94da46b3012ead4c0cd2612e95b7a8e2e137ab4a:73676616590720521273740780131017159863813146877221281593001166957062985730357:1774361785", "outcome": "up"}
{"timestamp_utc": "2026-03-24T14:16:27Z", "market_key": "SOL15M_2026-03-24T14:30:00Z", "price": 0.4299998944545234, "size": 5.116278, "side": "buy", "trade_id": "0x3e0478dd73d7039119343a3e92468a70b2a8e42160759b9860338a6c3ac852b9:73676616590720521273740780131017159863813146877221281593001166957062985730357:1774361787", "outcome": "up"}
{"timestamp_utc": "2026-03-24T14:16:27Z", "market_key": "SOL15M_2026-03-24T14:30:00Z", "price": 0.59, "size": 8.39, "side": "buy", "trade_id": "0x8be088f9af24af766c85808405a3b9c7faf68fbd00ccf92f25e5d472b185dbf5:26214835708641952251627118906456876004658833141107928128218392761452134762440:1774361787", "outcome": "down"}
{"timestamp_utc": "2026-03-24T14:16:31Z", "market_key": "SOL15M_2026-03-24T14:30:00Z", "price": 0.4299999870999978, "size": 11.627905, "side": "buy", "trade_id": "0xb314585b4b4abcd682a4e26176475ad727e9e3c771d857b933b5d5f55ceaa56d:73676616590720521273740780131017159863813146877221281593001166957062985730357:1774361791", "outcome": "up"}
{"timestamp_utc": "2026-03-24T14:16:33Z", "market_key": "SOL15M_2026-03-24T14:30:00Z", "price": 0.43, "size": 6.73, "side": "buy", "trade_id": "0xa30c467bf9f7bb3a09404ed081f11012e6afc9fed32804366364f93992fbefdf:73676616590720521273740780131017159863813146877221281593001166957062985730357:1774361793", "outcome": "up"}
{"timestamp_utc": "2026-03-24T14:16:33Z", "market_key": "SOL15M_2026-03-24T14:30:00Z", "price": 0.57, "size": 0.08, "side": "sell", "trade_id": "0xd3a4c4d25ac5c6ea09a932cada314049214563c9c782f7e2b2e4a900db9ea46b:26214835708641952251627118906456876004658833141107928128218392761452134762440:1774361793", "outcome": "down"}
{"timestamp_utc": "2026-03-24T14:16:35Z", "market_key": "SOL15M_2026-03-24T14:30:00Z", "price": 0.57, "size": 23.66, "side": "sell", "trade_id": "0x2f9d3dc8d95dfdc67e6d8130a6a7aba32494dbdb9397e6c008b06426ddbea23b:26214835708641952251627118906456876004658833141107928128218392761452134762440:1774361795", "outcome": "down"}
{"timestamp_utc": "2026-03-24T14:16:35Z", "market_key": "SOL15M_2026-03-24T14:30:00Z", "price": 0.43, "size": 2.26, "side": "buy", "trade_id": "0x6eba1d9fa66b54ddb3780071626a84ea9c17c51a16f3fbdb7397bf1516d3585d:73676616590720521273740780131017159863813146877221281593001166957062985730357:1774361795", "outcome": "up"}
{"timestamp_utc": "2026-03-24T14:16:35Z", "market_key": "SOL15M_2026-03-24T14:30:00Z", "price": 0.4399999295999761, "size": 4.545453, "side": "buy", "trade_id": "0x05ca1662ecc353190ddc0fa76bb2ee74ebb96ce7ba07ae2f9489e6bb8796a015:73676616590720521273740780131017159863813146877221281593001166957062985730357:1774361795", "outcome": "up"}
{"timestamp_utc": "2026-03-24T14:16:37Z", "market_key": "SOL15M_2026-03-24T14:30:00Z", "price": 0.57, "size": 32.0, "side": "buy", "trade_id": "0xa2cefeca5793c11c58b412a405aad8f87d7ad16892b1c422948c9cd4e5ba20f7:26214835708641952251627118906456876004658833141107928128218392761452134762440:1774361797", "outcome": "down"}
{"timestamp_utc": "2026-03-24T14:16:39Z", "market_key": "SOL15M_2026-03-24T14:30:00Z", "price": 0.48999999308777403, "size": 39.061223, "side": "buy", "trade_id": "0xc3326b79b406d7fa3961813abd1fc3c7fb5371d257f4a0203dd96dc9793726e0:73676616590720521273740780131017159863813146877221281593001166957062985730357:1774361799", "outcome": "up"}
{"timestamp_utc": "2026-03-24T14:16:39Z", "market_key": "SOL15M_2026-03-24T14:30:00Z", "price": 0.52, "size": 5.0, "side": "buy", "trade_id": "0xd2725cd0e20a022942fe67a641215683882e135671360228c1f249f41cf35b4a:26214835708641952251627118906456876004658833141107928128218392761452134762440:1774361799", "outcome": "down"}
{"timestamp_utc": "2026-03-24T14:16:41Z", "market_key": "SOL15M_2026-03-24T14:30:00Z", "price": 0.52, "size": 4.96, "side": "buy", "trade_id": "0xe101a82e776828e3e8b5163f93ff50664e855eace3a1110930d5b85c1b6e4cf0:26214835708641952251627118906456876004658833141107928128218392761452134762440:1774361801", "outcome": "down"}
{"timestamp_utc": "2026-03-24T14:16:45Z", "market_key": "SOL15M_2026-03-24T14:30:00Z", "price": 0.52, "size": 10.04, "side": "buy", "trade_id": "0xf6ef9c8f5fbb20c55e9a0209478a4fba8bcf6ca31647e3678a92bab530f1c4e9:26214835708641952251627118906456876004658833141107928128218392761452134762440:1774361805", "outcome": "down"}
{"timestamp_utc": "2026-03-24T14:16:47Z", "market_key": "SOL15M_2026-03-24T14:30:00Z", "price": 0.45, "size": 5.0, "side": "buy", "trade_id": "0x20e47e89d9d47cd84714c9af3bf35c27cc859300c562fe0db100e1141ea8b1aa:73676616590720521273740780131017159863813146877221281593001166957062985730357:1774361807", "outcome": "up"}
{"timestamp_utc": "2026-03-24T14:16:51Z", "market_key": "SOL15M_2026-03-24T14:30:00Z", "price": 0.4499999369158672, "size": 4.755554, "side": "buy", "trade_id": "0x9586d394177b59c9e222326739a42102eff245658c1228669d6c0404baa48766:26214835708641952251627118906456876004658833141107928128218392761452134762440:1774361811", "outcome": "down"}
{"timestamp_utc": "2026-03-24T14:16:51Z", "market_key": "SOL15M_2026-03-24T14:30:00Z", "price": 0.3899998478999072, "size": 2.564101, "side": "buy", "trade_id": "0x3855a5054e0ad40f4df2f7d9a0d87f2a7847b86e99f5686881a9d20eb6c18be8:26214835708641952251627118906456876004658833141107928128218392761452134762440:1774361811", "outcome": "down"}
{"timestamp_utc": "2026-03-24T14:16:53Z", "market_key": "SOL15M_2026-03-24T14:30:00Z", "price": 0.4599999634309576, "size": 10.391303, "side": "buy", "trade_id": "0x2b79c0ed3bcf2ed6af213f07191c9e2173d9312d0ab4e939311ea3dd43ae5a4c:73676616590720521273740780131017159863813146877221281593001166957062985730357:1774361813", "outcome": "up"}
{"timestamp_utc": "2026-03-24T14:16:55Z", "market_key": "SOL15M_2026-03-24T14:30:00Z", "price": 0.54, "size": 7.5, "side": "buy", "trade_id": "0x88f1c05c5c45a9986ceefd9850055946dab3b3633030ba00068102e782e2a89e:26214835708641952251627118906456876004658833141107928128218392761452134762440:1774361815", "outcome": "down"}
{"timestamp_utc": "2026-03-24T14:16:57Z", "market_key": "SOL15M_2026-03-24T14:30:00Z", "price": 0.52, "size": 0.01, "side": "sell", "trade_id": "0x18bc66704a0e29758661d9eb1fce111174922c917c7d52d9a3c1f527f7fb9b9d:26214835708641952251627118906456876004658833141107928128218392761452134762440:1774361817", "outcome": "down"}
{"timestamp_utc": "2026-03-24T14:17:01Z", "market_key": "SOL15M_2026-03-24T14:30:00Z", "price": 0.54, "size": 0.25, "side": "sell", "trade_id": "0xcb198d6e108f3190dd6ffc3d612836a016f13b7eb330cc8f67dbbb6561a4eed9:26214835708641952251627118906456876004658833141107928128218392761452134762440:1774361821", "outcome": "down"}
{"timestamp_utc": "2026-03-24T14:17:01Z", "market_key": "SOL15M_2026-03-24T14:30:00Z", "price": 0.53999978399989, "size": 2.037036, "side": "buy", "trade_id": "0x4d92cd66e07ff9e6a6f744e6e25c055879a796042b7587fdea15fcb8551df20e:26214835708641952251627118906456876004658833141107928128218392761452134762440:1774361821", "outcome": "down"}
{"timestamp_utc": "2026-03-24T14:17:01Z", "market_key": "SOL15M_2026-03-24T14:30:00Z", "price": 0.51, "size": 0.01, "side": "sell", "trade_id": "0x08914f68064219913439f04bdde6aa40c50c96d461db49f5523861258f197a73:26214835708641952251627118906456876004658833141107928128218392761452134762440:1774361821", "outcome": "down"}
{"timestamp_utc": "2026-03-24T14:17:03Z", "market_key": "SOL15M_2026-03-24T14:30:00Z", "price": 0.49, "size": 10.0, "side": "sell", "trade_id": "0xfbb4d6fb0e22c187a4454f3be8f66cd5cfdb3e6a2ac8ebe49edaf5ea4c6ebe99:26214835708641952251627118906456876004658833141107928128218392761452134762440:1774361823", "outcome": "down"}
{"timestamp_utc": "2026-03-24T14:17:05Z", "market_key": "SOL15M_2026-03-24T14:30:00Z", "price": 0.46, "size": 0.06, "side": "sell", "trade_id": "0x26e5f3cbd6391b6dc2fd6cc298fb4668f5458d3d164ba7fcc4963f4d78dc8779:26214835708641952251627118906456876004658833141107928128218392761452134762440:1774361825", "outcome": "down"}
{"timestamp_utc": "2026-03-24T14:17:07Z", "market_key": "SOL15M_2026-03-24T14:30:00Z", "price": 0.47999991272720927, "size": 2.291665, "side": "buy", "trade_id": "0x1052ee16715318891ec7896e51b8b97f0b0bceb707324df52610e63344a98f29:26214835708641952251627118906456876004658833141107928128218392761452134762440:1774361827", "outcome": "down"}
{"timestamp_utc": "2026-03-24T14:17:07Z", "market_key": "SOL15M_2026-03-24T14:30:00Z", "price": 0.48, "size": 4.6875, "side": "buy", "trade_id": "0x0492da56b1bbe30d229198a94d04fd293160f1bf2f60f9864327d0d4ea0fcc27:26214835708641952251627118906456876004658833141107928128218392761452134762440:1774361827", "outcome": "down"}
{"timestamp_utc": "2026-03-24T14:17:07Z", "market_key": "SOL15M_2026-03-24T14:30:00Z", "price": 0.47, "size": 1.0, "side": "sell", "trade_id": "0x7fce711bfe9621419c819f8705f06ad8ec8312e0c4e5b70ae58140c0172b6f52:26214835708641952251627118906456876004658833141107928128218392761452134762440:1774361827", "outcome": "down"}
{"timestamp_utc": "2026-03-24T14:17:07Z", "market_key": "SOL15M_2026-03-24T14:30:00Z", "price": 0.53, "size": 5.0, "side": "buy", "trade_id": "0x581fde61228b6d0aee6cc45ef0361c06305ce8292f85646f4da99204eeead9bd:73676616590720521273740780131017159863813146877221281593001166957062985730357:1774361827", "outcome": "up"}
{"timestamp_utc": "2026-03-24T14:17:07Z", "market_key": "SOL15M_2026-03-24T14:30:00Z", "price": 0.47, "size": 0.2, "side": "sell", "trade_id": "0x6196a80be0811acc8f886b4b3ae9ab0ee7c43de73c286b4929ebe1551a289d79:26214835708641952251627118906456876004658833141107928128218392761452134762440:1774361827", "outcome": "down"}
{"timestamp_utc": "2026-03-24T14:17:09Z", "market_key": "SOL15M_2026-03-24T14:30:00Z", "price": 0.529999996687499, "size": 6.037734, "side": "buy", "trade_id": "0x3ecb0a412bd80114c1ccd06ceb3a74c8cbb579886811626798cfa381910d34f2:73676616590720521273740780131017159863813146877221281593001166957062985730357:1774361829", "outcome": "up"}
{"timestamp_utc": "2026-03-24T14:17:11Z", "market_key": "SOL15M_2026-03-24T14:30:00Z", "price": 0.539999955505605, "size": 4.944443, "side": "buy", "trade_id": "0x2c65281a327fe1ac061633d8942e2270ef3bdea8fe6f84c8c5da72404677fa25:73676616590720521273740780131017159863813146877221281593001166957062985730357:1774361831", "outcome": "up"}
{"timestamp_utc": "2026-03-24T14:17:15Z", "market_key": "SOL15M_2026-03-24T14:30:00Z", "price": 0.54, "size": 1.85185, "side": "buy", "trade_id": "0x1ef55f8573eb1a8f105246cbdc6440a25f0e5be2da46e3b3a95e67fbc783f89a:73676616590720521273740780131017159863813146877221281593001166957062985730357:1774361835", "outcome": "up"}
{"timestamp_utc": "2026-03-24T14:17:17Z", "market_key": "SOL15M_2026-03-24T14:30:00Z", "price": 0.54, "size": 7.5, "side": "buy", "trade_id": "0x4186d62b4a18af928cea7ccfbd9f3269f17b57b56530870a919a3f51fda27cb7:73676616590720521273740780131017159863813146877221281593001166957062985730357:1774361837", "outcome": "up"}
{"timestamp_utc": "2026-03-24T14:17:17Z", "market_key": "SOL15M_2026-03-24T14:30:00Z", "price": 0.46, "size": 2.69, "side": "sell", "trade_id": "0xf20022164bd7c88b71052422ed744ed39d9f734e05d53e45d2b2e42bc242e514:26214835708641952251627118906456876004658833141107928128218392761452134762440:1774361837", "outcome": "down"}
{"timestamp_utc": "2026-03-24T14:17:17Z", "market_key": "SOL15M_2026-03-24T14:30:00Z", "price": 0.45, "size": 0.01, "side": "sell", "trade_id": "0x2b4e776079566f5f07a834da34785f7e4f00bcabd73d3ddaa81a261a4b5bd953:26214835708641952251627118906456876004658833141107928128218392761452134762440:1774361837", "outcome": "down"}
{"timestamp_utc": "2026-03-24T14:17:19Z", "market_key": "SOL15M_2026-03-24T14:30:00Z", "price": 0.45, "size": 4.99, "side": "sell", "trade_id": "0xb345cb0218da564204e61162a450c789995dd9e62c8586b27518e380b6e31be1:26214835708641952251627118906456876004658833141107928128218392761452134762440:1774361839", "outcome": "down"}
{"timestamp_utc": "2026-03-24T14:17:19Z", "market_key": "SOL15M_2026-03-24T14:30:00Z", "price": 0.5799999914074054, "size": 6.982757, "side": "buy", "trade_id": "0x18de670f80f99772e9955ef9906ed5cdb8986b8dbc9f41ed2670b50f897b4c8c:73676616590720521273740780131017159863813146877221281593001166957062985730357:1774361839", "outcome": "up"}
{"timestamp_utc": "2026-03-24T14:17:19Z", "market_key": "SOL15M_2026-03-24T14:30:00Z", "price": 0.42, "size": 0.03, "side": "sell", "trade_id": "0xe27e6d3f84439c8208f6b036cb82a5d74ee3aca5132b67af43317d2c79aa1dfd:26214835708641952251627118906456876004658833141107928128218392761452134762440:1774361839", "outcome": "down"}
{"timestamp_utc": "2026-03-24T14:17:21Z", "market_key": "SOL15M_2026-03-24T14:30:00Z", "price": 0.6, "size": 17.5, "side": "buy", "trade_id": "0x6e5077fb99b61b15a9ece4bea4803aee9f72598530f2064e9d809f01f532a348:73676616590720521273740780131017159863813146877221281593001166957062985730357:1774361841", "outcome": "up"}
{"timestamp_utc": "2026-03-24T14:17:21Z", "market_key": "SOL15M_2026-03-24T14:30:00Z", "price": 0.398245382585752, "size": 15.16, "side": "sell", "trade_id": "0x08ec2d5d015625afebb4c235af45acf04fdb2c8c1176218714b9dfae514f5d12:26214835708641952251627118906456876004658833141107928128218392761452134762440:1774361841", "outcome": "down"}
{"timestamp_utc": "2026-03-24T14:17:21Z", "market_key": "SOL15M_2026-03-24T14:30:00Z", "price": 0.4, "size": 0.26, "side": "sell", "trade_id": "0xfd98d8e2c858e58e9cf8ab7ac874e27018a81744c283882956b2eb0dd58fc7c6:26214835708641952251627118906456876004658833141107928128218392761452134762440:1774361841", "outcome": "down"}
{"timestamp_utc": "2026-03-24T14:17:23Z", "market_key": "SOL15M_2026-03-24T14:30:00Z", "price": 0.6, "size": 16.46, "side": "buy", "trade_id": "0xa64999f67de4c0f8cdb41efd44e8eba1ad230c86222ff402377ec5a4763b6db2:73676616590720521273740780131017159863813146877221281593001166957062985730357:1774361843", "outcome": "up"}
{"timestamp_utc": "2026-03-24T14:17:23Z", "market_key": "SOL15M_2026-03-24T14:30:00Z", "price": 0.4099999446499798, "size": 4.878047, "side": "buy", "trade_id": "0x4ee33ed86a03d818a7dc3233d7f76628e9ea0fc95109d11ce350f9d0f8c4686b:26214835708641952251627118906456876004658833141107928128218392761452134762440:1774361843", "outcome": "down"}
{"timestamp_utc": "2026-03-24T14:17:23Z", "market_key": "SOL15M_2026-03-24T14:30:00Z", "price": 0.4, "size": 2.75, "side": "buy", "trade_id": "0x2eec43adf87623a467c6a869a3a13f6af064512dec18dfe38fde3bb5a3335377:26214835708641952251627118906456876004658833141107928128218392761452134762440:1774361843", "outcome": "down"}
{"timestamp_utc": "2026-03-24T14:17:23Z", "market_key": "SOL15M_2026-03-24T14:30:00Z", "price": 0.37, "size": 3.01, "side": "sell", "trade_id": "0x236feffe194b1ea89d2297387aaa1e7255680ebac9309b09d146591b881c4fec:26214835708641952251627118906456876004658833141107928128218392761452134762440:1774361843", "outcome": "down"}
{"timestamp_utc": "2026-03-24T14:17:23Z", "market_key": "SOL15M_2026-03-24T14:30:00Z", "price": 0.62, "size": 10.0, "side": "buy", "trade_id": "0xc46d4cebd313d1c29b533d8b131327d3d316450228af6f3a0408bd60a277366a:73676616590720521273740780131017159863813146877221281593001166957062985730357:1774361843", "outcome": "up"}
{"timestamp_utc": "2026-03-24T14:17:23Z", "market_key": "SOL15M_2026-03-24T14:30:00Z", "price": 0.63, "size": 110.0, "side": "buy", "trade_id": "0x0b6c857e3232e9cf95eadda0c24f4d60781088115b4397eb9e82a235ae1f86f4:73676616590720521273740780131017159863813146877221281593001166957062985730357:1774361843", "outcome": "up"}
{"timestamp_utc": "2026-03-24T14:17:25Z", "market_key": "SOL15M_2026-03-24T14:30:00Z", "price": 0.37, "size": 12.38, "side": "sell", "trade_id": "0x4c461d5672d6fb7768c9a54e5aea988f06a16c1c2a1d8fe6c286ba64ea977727:26214835708641952251627118906456876004658833141107928128218392761452134762440:1774361845", "outcome": "down"}
{"timestamp_utc": "2026-03-24T14:17:25Z", "market_key": "SOL15M_2026-03-24T14:30:00Z", "price": 0.63, "size": 5.0, "side": "buy", "trade_id": "0xce1f165aece7c68a1b1a1d0371c525f130dc953889b49fbf7a52116aa33cde08:73676616590720521273740780131017159863813146877221281593001166957062985730357:1774361845", "outcome": "up"}
{"timestamp_utc": "2026-03-24T14:17:25Z", "market_key": "SOL15M_2026-03-24T14:30:00Z", "price": 0.6299998663635027, "size": 2.619045, "side": "buy", "trade_id": "0xf8809da9c1421a9b3c1f76c370f84b129e81d829290ebd87a2fab0b63fde080c:73676616590720521273740780131017159863813146877221281593001166957062985730357:1774361845", "outcome": "up"}
{"timestamp_utc": "2026-03-24T14:17:25Z", "market_key": "SOL15M_2026-03-24T14:30:00Z", "price": 0.379999950613707, "size": 7.289472, "side": "buy", "trade_id": "0xaa2b92d866c869337c04c93a643cd92678b52778bd0c555e6e32e3d4ad09d90f:26214835708641952251627118906456876004658833141107928128218392761452134762440:1774361845", "outcome": "down"}
{"timestamp_utc": "2026-03-24T14:17:25Z", "market_key": "SOL15M_2026-03-24T14:30:00Z", "price": 0.636755658755352, "size": 23.117186, "side": "buy", "trade_id": "0x695a2e3ba75028434d07be41b45fb7d7d361bb44429e01d1ec601779a00d4ea2:73676616590720521273740780131017159863813146877221281593001166957062985730357:1774361845", "outcome": "up"}
{"timestamp_utc": "2026-03-24T14:17:27Z", "market_key": "SOL15M_2026-03-24T14:30:00Z", "price": 0.4, "size": 8.39, "side": "buy", "trade_id": "0x4a5d6846406da00a59a63bede7cd57f95621303ac39b39beaddb61a1ae15571e:26214835708641952251627118906456876004658833141107928128218392761452134762440:1774361847", "outcome": "down"}
{"timestamp_utc": "2026-03-24T14:17:29Z", "market_key": "SOL15M_2026-03-24T14:30:00Z", "price": 0.41, "size": 8.39, "side": "buy", "trade_id": "0x685d7760e4c59f81cb344f97b24cc95940774496b6585f2ae0e141208a0913aa:26214835708641952251627118906456876004658833141107928128218392761452134762440:1774361849", "outcome": "down"}
{"timestamp_utc": "2026-03-24T14:17:29Z", "market_key": "SOL15M_2026-03-24T14:30:00Z", "price": 0.4, "size": 3.01, "side": "sell", "trade_id": "0xb821576b3b7f199dc6eb54a92d47d1cc82a52b953c4f066595d56d1a320746bc:26214835708641952251627118906456876004658833141107928128218392761452134762440:1774361849", "outcome": "down"}
{"timestamp_utc": "2026-03-24T14:17:29Z", "market_key": "SOL15M_2026-03-24T14:30:00Z", "price": 0.4199999204938095, "size": 5.785713, "side": "buy", "trade_id": "0x3ac17962419274e54b07ae5538168a41ca140e30d094f80485c11a736dfdd04a:26214835708641952251627118906456876004658833141107928128218392761452134762440:1774361849", "outcome": "down"}
{"timestamp_utc": "2026-03-24T14:17:31Z", "market_key": "SOL15M_2026-03-24T14:30:00Z", "price": 0.41, "size": 9.84, "side": "sell", "trade_id": "0xb6ad0517dee56c0652866842f62c098e6ad65d250994c4bf35ca71ea1203c578:26214835708641952251627118906456876004658833141107928128218392761452134762440:1774361851", "outcome": "down"}
{"timestamp_utc": "2026-03-24T14:17:31Z", "market_key": "SOL15M_2026-03-24T14:30:00Z", "price": 0.4399999273394282, "size": 4.954544, "side": "buy", "trade_id": "0x15fdd8f806d9feb96c1ba618b3ebd909817b41858a3f9e865cb333c5358bc70c:26214835708641952251627118906456876004658833141107928128218392761452134762440:1774361851", "outcome": "down"}
{"timestamp_utc": "2026-03-24T14:17:33Z", "market_key": "SOL15M_2026-03-24T14:30:00Z", "price": 0.43, "size": 7.5, "side": "buy", "trade_id": "0xa171c5e0cd63ec3a40733033023fecf9176dc455210fac4a85b53046f21451d2:26214835708641952251627118906456876004658833141107928128218392761452134762440:1774361853", "outcome": "down"}
{"timestamp_utc": "2026-03-24T14:17:35Z", "market_key": "SOL15M_2026-03-24T14:30:00Z", "price": 0.4600504672897196, "size": 107.0, "side": "sell", "trade_id": "0x7f78f1a7e959cb532532a2a52885ebb04b60109c9e287b1be797b16bafd007d9:26214835708641952251627118906456876004658833141107928128218392761452134762440:1774361855", "outcome": "down"}
{"timestamp_utc": "2026-03-24T14:17:35Z", "market_key": "SOL15M_2026-03-24T14:30:00Z", "price": 0.46, "size": 5.0, "side": "buy", "trade_id": "0xeb8a1e78b666370cb7eaad26e82d162d7eee026f4b077e20e4ad37b194912393:26214835708641952251627118906456876004658833141107928128218392761452134762440:1774361855", "outcome": "down"}
{"timestamp_utc": "2026-03-24T14:17:37Z", "market_key": "SOL15M_2026-03-24T14:30:00Z", "price": 0.53, "size": 5.0, "side": "buy", "trade_id": "0x46f64daee38757431fe1587943ee67a9059f0fba996fdaf04c9082cc5bc358c1:73676616590720521273740780131017159863813146877221281593001166957062985730357:1774361857", "outcome": "up"}
{"timestamp_utc": "2026-03-24T14:17:37Z", "market_key": "SOL15M_2026-03-24T14:30:00Z", "price": 0.48, "size": 24.0, "side": "buy", "trade_id": "0x91d541c7eabafb0b526a7f99bb6ff1cc9784fb6f732f5d5ee9efc850dc1fee4f:26214835708641952251627118906456876004658833141107928128218392761452134762440:1774361857", "outcome": "down"}
{"timestamp_utc": "2026-03-24T14:17:37Z", "market_key": "SOL15M_2026-03-24T14:30:00Z", "price": 0.48, "size": 17.5, "side": "buy", "trade_id": "0x9bb7c68230b423428fe0daa39618b8924bc7026eec77adbf410741fa6cc088ae:26214835708641952251627118906456876004658833141107928128218392761452134762440:1774361857", "outcome": "down"}
{"timestamp_utc": "2026-03-24T14:17:39Z", "market_key": "SOL15M_2026-03-24T14:30:00Z", "price": 0.5, "size": 4.2, "side": "sell", "trade_id": "0xe77474b012a50dfa7cdeca06c7424024bc7901fab123ff7c6e5858b6b94ac235:73676616590720521273740780131017159863813146877221281593001166957062985730357:1774361859", "outcome": "up"}
{"timestamp_utc": "2026-03-24T14:17:39Z", "market_key": "SOL15M_2026-03-24T14:30:00Z", "price": 0.49, "size": 0.15, "side": "sell", "trade_id": "0x6d368dd405f1293b12bad212bd371578262af4492a5362887829b55ab73f50b8:26214835708641952251627118906456876004658833141107928128218392761452134762440:1774361859", "outcome": "down"}
{"timestamp_utc": "2026-03-24T14:17:39Z", "market_key": "SOL15M_2026-03-24T14:30:00Z", "price": 0.51, "size": 10.0, "side": "buy", "trade_id": "0xc203448b59675f60a17d0c8a7a313f3d58682cdda90ab6c514590c25cf8c8c48:73676616590720521273740780131017159863813146877221281593001166957062985730357:1774361859", "outcome": "up"}
{"timestamp_utc": "2026-03-24T14:17:39Z", "market_key": "SOL15M_2026-03-24T14:30:00Z", "price": 0.49, "size": 5.0, "side": "buy", "trade_id": "0xc4a9fe96e695dc202fe297337f7571ceeb1c6e3a4f3423a7de7cd0dbe869a2fb:73676616590720521273740780131017159863813146877221281593001166957062985730357:1774361859", "outcome": "up"}
{"timestamp_utc": "2026-03-24T14:17:39Z", "market_key": "SOL15M_2026-03-24T14:30:00Z", "price": 0.5199999341771818, "size": 3.03846, "side": "buy", "trade_id": "0x2431bdaa68720874369da13930afd787fdc6a17559b1c3ed157f94e2bf258bc4:26214835708641952251627118906456876004658833141107928128218392761452134762440:1774361859", "outcome": "down"}
{"timestamp_utc": "2026-03-24T14:17:41Z", "market_key": "SOL15M_2026-03-24T14:30:00Z", "price": 0.47, "size": 2.4, "side": "sell", "trade_id": "0x61c5d6b7f39b695f65e71a6556eb32dec77ff6644098bf843acffe3ca1e877ac:73676616590720521273740780131017159863813146877221281593001166957062985730357:1774361861", "outcome": "up"}
{"timestamp_utc": "2026-03-24T14:17:41Z", "market_key": "SOL15M_2026-03-24T14:30:00Z", "price": 0.52, "size": 2.4, "side": "sell", "trade_id": "0xeaed81c454471e856d95cb794f5751bbf6f0cdad38d3226a26d00de78f7ae9a3:26214835708641952251627118906456876004658833141107928128218392761452134762440:1774361861", "outcome": "down"}
{"timestamp_utc": "2026-03-24T14:17:41Z", "market_key": "SOL15M_2026-03-24T14:30:00Z", "price": 0.5371085838375184, "size": 43.23148, "side": "buy", "trade_id": "0x8e21d9d956965a3053de869be121115bc2f270c1cc127e24411e515cac1ada1d:26214835708641952251627118906456876004658833141107928128218392761452134762440:1774361861", "outcome": "down"}
{"timestamp_utc": "2026-03-24T14:17:43Z", "market_key": "SOL15M_2026-03-24T14:30:00Z", "price": 0.54, "size": 20.0, "side": "buy", "trade_id": "0x8c080dd445d9b891af1e4a15d29b2e7714fe1a60f3aa1dee7f863a131093b108:26214835708641952251627118906456876004658833141107928128218392761452134762440:1774361863", "outcome": "down"}
{"timestamp_utc": "2026-03-24T14:17:43Z", "market_key": "SOL15M_2026-03-24T14:30:00Z", "price": 0.48, "size": 10.0, "side": "buy", "trade_id": "0xabd2db91789d393f904d86dcc2ee6e2c8f133c23b01f0beb6a6f5ecd4fd03d70:73676616590720521273740780131017159863813146877221281593001166957062985730357:1774361863", "outcome": "up"}
{"timestamp_utc": "2026-03-24T14:17:43Z", "market_key": "SOL15M_2026-03-24T14:30:00Z", "price": 0.53, "size": 32.5, "side": "buy", "trade_id": "0x620df552eb7326683a0dbec92af90971200e378a2c72fd9e56f1f19f4e10f463:26214835708641952251627118906456876004658833141107928128218392761452134762440:1774361863", "outcome": "down"}
{"timestamp_utc": "2026-03-24T14:17:47Z", "market_key": "SOL15M_2026-03-24T14:30:00Z", "price": 0.5299999547560739, "size": 3.094338, "side": "buy", "trade_id": "0x8e5ff7589b589d2818571c45e5e8c9cefd5a403def00ef963356108ee9726915:26214835708641952251627118906456876004658833141107928128218392761452134762440:1774361867", "outcome": "down"}
{"timestamp_utc": "2026-03-24T14:17:47Z", "market_key": "SOL15M_2026-03-24T14:30:00Z", "price": 0.52, "size": 126.0, "side": "buy", "trade_id": "0xdf1c2cef7a238af20fd05847c3cd9e2c0c12faab5e3eb1aed3f22d658f7bdb8f:26214835708641952251627118906456876004658833141107928128218392761452134762440:1774361867", "outcome": "down"}
{"timestamp_utc": "2026-03-24T14:17:47Z", "market_key": "SOL15M_2026-03-24T14:30:00Z", "price": 0.53, "size": 5.0, "side": "buy", "trade_id": "0xc99bcb527472e44677103b592374fb76128f8cef6a75879c46edd14fa9257263:26214835708641952251627118906456876004658833141107928128218392761452134762440:1774361867", "outcome": "down"}
{"timestamp_utc": "2026-03-24T14:17:49Z", "market_key": "SOL15M_2026-03-24T14:30:00Z", "price": 0.5499999896874989, "size": 14.545453, "side": "buy", "trade_id": "0x35ff109b03b39a417eb4c375ad44c11e2d04da3c2bfd68cbbc4b393d644142bd:26214835708641952251627118906456876004658833141107928128218392761452134762440:1774361869", "outcome": "down"}
{"timestamp_utc": "2026-03-24T14:17:51Z", "market_key": "SOL15M_2026-03-24T14:30:00Z", "price": 0.47, "size": 10.0, "side": "buy", "trade_id": "0x2542700d798fc8c0fad8ec422534f49cc7ccf20ad70f3c13b7e0ca7d3019b5f8:73676616590720521273740780131017159863813146877221281593001166957062985730357:1774361871", "outcome": "up"}
{"timestamp_utc": "2026-03-24T14:17:57Z", "market_key": "SOL15M_2026-03-24T14:30:00Z", "price": 0.48, "size": 13.5, "side": "sell", "trade_id": "0x3c2da2cde2f031cbc64f78cde82120e99993da694a0537f4f38cb99b0d6cb9a1:26214835708641952251627118906456876004658833141107928128218392761452134762440:1774361877", "outcome": "down"}
{"timestamp_utc": "2026-03-24T14:17:59Z", "market_key": "SOL15M_2026-03-24T14:30:00Z", "price": 0.5599999505362664, "size": 5.660713, "side": "buy", "trade_id": "0xe9ae98d7149924a23d84609afda02b255cb47f17f46dadd64bb123910b077cdf:73676616590720521273740780131017159863813146877221281593001166957062985730357:1774361879", "outcome": "up"}
{"timestamp_utc": "2026-03-24T14:17:59Z", "market_key": "SOL15M_2026-03-24T14:30:00Z", "price": 0.56, "size": 114.0, "side": "buy", "trade_id": "0x25ba49adec760bee70c95b2183654f98dd1239a2c9a3b1fd4d56cadb8b7ff465:73676616590720521273740780131017159863813146877221281593001166957062985730357:1774361879", "outcome": "up"}
{"timestamp_utc": "2026-03-24T14:17:59Z", "market_key": "SOL15M_2026-03-24T14:30:00Z", "price": 0.5599999253332935, "size": 5.35714, "side": "buy", "trade_id": "0x0e7aeb9f3d649d25a34a80024a070dd2306e5f69db41157ba22392ed0ffe997f:73676616590720521273740780131017159863813146877221281593001166957062985730357:1774361879", "outcome": "up"}
{"timestamp_utc": "2026-03-24T14:17:59Z", "market_key": "SOL15M_2026-03-24T14:30:00Z", "price": 0.44, "size": 0.08, "side": "sell", "trade_id": "0x21afc502e1a31beb869deb9e7a3a5bd0b8c8f7e31edf1ffaab66e8f21a99d52e:26214835708641952251627118906456876004658833141107928128218392761452134762440:1774361879", "outcome": "down"}
{"timestamp_utc": "2026-03-24T14:18:01Z", "market_key": "SOL15M_2026-03-24T14:30:00Z", "price": 0.46, "size": 1.35, "side": "sell", "trade_id": "0x76aa06adb2513216adba22fee0453904fd9cf454186c63363cd5a808b4616782:26214835708641952251627118906456876004658833141107928128218392761452134762440:1774361881", "outcome": "down"}
{"timestamp_utc": "2026-03-24T14:18:03Z", "market_key": "SOL15M_2026-03-24T14:30:00Z", "price": 0.48999996979451205, "size": 5.959182, "side": "buy", "trade_id": "0x0506cb3e98bba15e46f15bf55bcb8254111acaf7ad4c63aeef71516e97c9efe8:26214835708641952251627118906456876004658833141107928128218392761452134762440:1774361883", "outcome": "down"}
{"timestamp_utc": "2026-03-24T14:18:03Z", "market_key": "SOL15M_2026-03-24T14:30:00Z", "price": 0.52, "size": 6.25, "side": "buy", "trade_id": "0xf7ad71be648fe01c4fb3ad2f15e831eb1c7bdd9c12121eb8e5ace8328dc2afa7:73676616590720521273740780131017159863813146877221281593001166957062985730357:1774361883", "outcome": "up"}
{"timestamp_utc": "2026-03-24T14:18:07Z", "market_key": "SOL15M_2026-03-24T14:30:00Z", "price": 0.5, "size": 5.22, "side": "buy", "trade_id": "0xde58e6452d6129a9af728bcc5e460293dc6c221800d9289bb5aa7904f8b82668:26214835708641952251627118906456876004658833141107928128218392761452134762440:1774361887", "outcome": "down"}
{"timestamp_utc": "2026-03-24T14:18:07Z", "market_key": "SOL15M_2026-03-24T14:30:00Z", "price": 0.5, "size": 109.0, "side": "buy", "trade_id": "0x145ac7f19d1e72aeb75047fef15e1359c9c1544fbdd6812e22f5fded85101b29:26214835708641952251627118906456876004658833141107928128218392761452134762440:1774361887", "outcome": "down"}
{"timestamp_utc": "2026-03-24T14:18:07Z", "market_key": "SOL15M_2026-03-24T14:30:00Z", "price": 0.51, "size": 5.0, "side": "buy", "trade_id": "0x50ddcc192e314059556a9e825fccda9116ceafbfd10833b11257710a3155f6a3:73676616590720521273740780131017159863813146877221281593001166957062985730357:1774361887", "outcome": "up"}
{"timestamp_utc": "2026-03-24T14:18:07Z", "market_key": "SOL15M_2026-03-24T14:30:00Z", "price": 0.5, "size": 8.78, "side": "buy", "trade_id": "0x79b71ef17a5d054d122178efe0ef9b194a057592a85a9ffbb95a828c406877ab:26214835708641952251627118906456876004658833141107928128218392761452134762440:1774361887", "outcome": "down"}
{"timestamp_utc": "2026-03-24T14:18:07Z", "market_key": "SOL15M_2026-03-24T14:30:00Z", "price": 0.51, "size": 143.0, "side": "buy", "trade_id": "0x2a641c9ca294f86ffef7efcbfc50cbb0e70ba80e93ff01a8ba7620565e9a83b6:26214835708641952251627118906456876004658833141107928128218392761452134762440:1774361887", "outcome": "down"}
{"timestamp_utc": "2026-03-24T14:18:09Z", "market_key": "SOL15M_2026-03-24T14:30:00Z", "price": 0.51, "size": 10.0, "side": "buy", "trade_id": "0x8f0d5e75c9d60ea2977e46eb7eab6b5a4eea8cc878e2b6c77555a7855c48d6bd:26214835708641952251627118906456876004658833141107928128218392761452134762440:1774361889", "outcome": "down"}
{"timestamp_utc": "2026-03-24T14:18:09Z", "market_key": "SOL15M_2026-03-24T14:30:00Z", "price": 0.51, "size": 6.0, "side": "buy", "trade_id": "0xcdb226fd9eeb4f4edb441b9cb95cf10e32b079d7c2c10fafa3aff5cbb378fefa:26214835708641952251627118906456876004658833141107928128218392761452134762440:1774361889", "outcome": "down"}
{"timestamp_utc": "2026-03-24T14:18:17Z", "market_key": "SOL15M_2026-03-24T14:30:00Z", "price": 0.53, "size": 11.32, "side": "buy", "trade_id": "0x3e798553fe2bd8a33ac7b6121bade7b4f2fd4062f8c81ef7fc862bca0efc8f0a:26214835708641952251627118906456876004658833141107928128218392761452134762440:1774361897", "outcome": "down"}
{"timestamp_utc": "2026-03-24T14:18:19Z", "market_key": "SOL15M_2026-03-24T14:30:00Z", "price": 0.51, "size": 112.0, "side": "buy", "trade_id": "0x2d90df66ec5914fdee839aa314bd097a09316448a96189dbd25b2978472a325e:73676616590720521273740780131017159863813146877221281593001166957062985730357:1774361899", "outcome": "up"}
{"timestamp_utc": "2026-03-24T14:18:19Z", "market_key": "SOL15M_2026-03-24T14:30:00Z", "price": 0.5099999254615207, "size": 5.098038, "side": "buy", "trade_id": "0x6be34843c217d07c8cc6ded0c0270f72247bfa6a5a7748358a8797dc8ff902cb:73676616590720521273740780131017159863813146877221281593001166957062985730357:1774361899", "outcome": "up"}
{"timestamp_utc": "2026-03-24T14:18:19Z", "market_key": "SOL15M_2026-03-24T14:30:00Z", "price": 0.5, "size": 10.34, "side": "sell", "trade_id": "0x074dbd1b015b8a397487b6a2eaf6d96f11b77f6ef8e0a25f7ed7a1c1026f0e37:26214835708641952251627118906456876004658833141107928128218392761452134762440:1774361899", "outcome": "down"}
{"timestamp_utc": "2026-03-24T14:18:21Z", "market_key": "SOL15M_2026-03-24T14:30:00Z", "price": 0.49, "size": 0.06, "side": "sell", "trade_id": "0x30e13b6fd3515541241f9c24283322ce2297c8f3e14781a054dcb18283886f79:26214835708641952251627118906456876004658833141107928128218392761452134762440:1774361901", "outcome": "down"}
{"timestamp_utc": "2026-03-24T14:18:23Z", "market_key": "SOL15M_2026-03-24T14:30:00Z", "price": 0.5, "size": 0.51, "side": "sell", "trade_id": "0x8af5a886503d71f9dfaa28d022ee468649ca5977207f46ff4c90fed9a0c3e707:26214835708641952251627118906456876004658833141107928128218392761452134762440:1774361903", "outcome": "down"}
{"timestamp_utc": "2026-03-24T14:18:31Z", "market_key": "SOL15M_2026-03-24T14:30:00Z", "price": 0.49, "size": 5.0, "side": "buy", "trade_id": "0x06ba40383034451c1360aa98e12a95cf20144a65cabdf289d1c999a174cc548b:73676616590720521273740780131017159863813146877221281593001166957062985730357:1774361911", "outcome": "up"}
{"timestamp_utc": "2026-03-24T14:18:31Z", "market_key": "SOL15M_2026-03-24T14:30:00Z", "price": 0.52, "size": 10.0, "side": "buy", "trade_id": "0x4f17cff70dc4c7735096d4c7d8288985cc4d05cc4bd590c839b8291badaa9dca:26214835708641952251627118906456876004658833141107928128218392761452134762440:1774361911", "outcome": "down"}
{"timestamp_utc": "2026-03-24T14:18:31Z", "market_key": "SOL15M_2026-03-24T14:30:00Z", "price": 0.54, "size": 18.51, "side": "buy", "trade_id": "0x01bf9d4260ba1e54177aeb74b34dd6197250360f161ba3b3a2efc31b0746617e:26214835708641952251627118906456876004658833141107928128218392761452134762440:1774361911", "outcome": "down"}
{"timestamp_utc": "2026-03-24T14:18:31Z", "market_key": "SOL15M_2026-03-24T14:30:00Z", "price": 0.5256077635145733, "size": 240.407406, "side": "buy", "trade_id": "0xb57467cf4319b7daae518a952f3045c6e1594c17a62facd00d1daadbb0733727:26214835708641952251627118906456876004658833141107928128218392761452134762440:1774361911", "outcome": "down"}
{"timestamp_utc": "2026-03-24T14:18:31Z", "market_key": "SOL15M_2026-03-24T14:30:00Z", "price": 0.54, "size": 5.0, "side": "buy", "trade_id": "0xef98388937aebf2a4c7ac30212e27e3f6821b3fdd9cb03684690bf423760ebd8:26214835708641952251627118906456876004658833141107928128218392761452134762440:1774361911", "outcome": "down"}
{"timestamp_utc": "2026-03-24T14:18:31Z", "market_key": "SOL15M_2026-03-24T14:30:00Z", "price": 0.5399999725090823, "size": 5.092591, "side": "buy", "trade_id": "0xc0b5dcf184eb441767f14b2cbce66243c3fd69ea263769ed2892d5fc42a40223:26214835708641952251627118906456876004658833141107928128218392761452134762440:1774361911", "outcome": "down"}
{"timestamp_utc": "2026-03-24T14:18:33Z", "market_key": "SOL15M_2026-03-24T14:30:00Z", "price": 0.54, "size": 1.85185, "side": "buy", "trade_id": "0xc73545e319083d8f0c457fb8e0bd8cd1a3d5e851c570dbcdb97b5598cecc687d:26214835708641952251627118906456876004658833141107928128218392761452134762440:1774361913", "outcome": "down"}
{"timestamp_utc": "2026-03-24T14:18:39Z", "market_key": "SOL15M_2026-03-24T14:30:00Z", "price": 0.5299999281072426, "size": 5.981131, "side": "buy", "trade_id": "0xadda672d7bd8dce5598bd2290bf8b91c1051de149d1d7afd1754bd44787c08bc:73676616590720521273740780131017159863813146877221281593001166957062985730357:1774361919", "outcome": "up"}
{"timestamp_utc": "2026-03-24T14:18:41Z", "market_key": "SOL15M_2026-03-24T14:30:00Z", "price": 0.5499575003721239, "size": 4.709453, "side": "buy", "trade_id": "0x33d6125093980ce53f9336b65c6db14b9380db5a715d643766330fa312dce5f9:73676616590720521273740780131017159863813146877221281593001166957062985730357:1774361921", "outcome": "up"}
{"timestamp_utc": "2026-03-24T14:18:45Z", "market_key": "SOL15M_2026-03-24T14:30:00Z", "price": 0.4908424908424908, "size": 5.46, "side": "buy", "trade_id": "0xf66f2965d40d6cf6f5d585a39b56610bc2af4fd1fabd6a93f7859a166418a8e1:26214835708641952251627118906456876004658833141107928128218392761452134762440:1774361925", "outcome": "down"}
{"timestamp_utc": "2026-03-24T14:18:45Z", "market_key": "SOL15M_2026-03-24T14:30:00Z", "price": 0.5099999900325702, "size": 6.019606, "side": "buy", "trade_id": "0x3160f3d99ed238305766b783d5f3c055dd9d00abba77eacaa4944e0ff9a80755:73676616590720521273740780131017159863813146877221281593001166957062985730357:1774361925", "outcome": "up"}
{"timestamp_utc": "2026-03-24T14:18:45Z", "market_key": "SOL15M_2026-03-24T14:30:00Z", "price": 0.5, "size": 5.1, "side": "buy", "trade_id": "0x9446fe731b91aa153902f39617440723115d739c4aac4956864f0e4405943887:26214835708641952251627118906456876004658833141107928128218392761452134762440:1774361925", "outcome": "down"}
{"timestamp_utc": "2026-03-24T14:18:49Z", "market_key": "SOL15M_2026-03-24T14:30:00Z", "price": 0.5233136726641218, "size": 11.21698, "side": "buy", "trade_id": "0x4f20027f869808b66d82e4c057deec8bd9e225318074015953dfb920570ec7b5:73676616590720521273740780131017159863813146877221281593001166957062985730357:1774361929", "outcome": "up"}
{"timestamp_utc": "2026-03-24T14:19:05Z", "market_key": "SOL15M_2026-03-24T14:30:00Z", "price": 0.45999988499997124, "size": 4.347825, "side": "buy", "trade_id": "0x76b7fad43e5257c15063f70f11d699ab8605fb227451813bf350c2eaebe891b2:26214835708641952251627118906456876004658833141107928128218392761452134762440:1774361945", "outcome": "down"}
{"timestamp_utc": "2026-03-24T14:19:05Z", "market_key": "SOL15M_2026-03-24T14:30:00Z", "price": 0.5571252357864631, "size": 17.392856, "side": "buy", "trade_id": "0x3f98496cafbbeb28a6e24fc411d0e0b6acd83ea5211c53431cd97baa968bfa22:73676616590720521273740780131017159863813146877221281593001166957062985730357:1774361945", "outcome": "up"}
{"timestamp_utc": "2026-03-24T14:19:07Z", "market_key": "SOL15M_2026-03-24T14:30:00Z", "price": 0.59, "size": 27.0, "side": "buy", "trade_id": "0xa8f4b7070081c6b94069e58ef2c476c7b8c01f861bf745b47175e52ed323ea76:73676616590720521273740780131017159863813146877221281593001166957062985730357:1774361947", "outcome": "up"}
{"timestamp_utc": "2026-03-24T14:19:09Z", "market_key": "SOL15M_2026-03-24T14:30:00Z", "price": 0.5924042008788442, "size": 146.791665, "side": "buy", "trade_id": "0xfd6db25437e578a40cbacd433a866202799240b53f4b9bd8b2c48023ddee9cc3:73676616590720521273740780131017159863813146877221281593001166957062985730357:1774361949", "outcome": "up"}
{"timestamp_utc": "2026-03-24T14:19:11Z", "market_key": "SOL15M_2026-03-24T14:30:00Z", "price": 0.4399999561565724, "size": 6.386362, "side": "buy", "trade_id": "0xa28811a8b965a9d20e3a26d1c92c3a35b903809e0411b85fed1843293e7a0aa1:26214835708641952251627118906456876004658833141107928128218392761452134762440:1774361951", "outcome": "down"}
{"timestamp_utc": "2026-03-24T14:19:13Z", "market_key": "SOL15M_2026-03-24T14:30:00Z", "price": 0.5716905092700307, "size": 6.01724, "side": "buy", "trade_id": "0x50aa5f8ff5f230fb22bc27a92eac450714b997970312ced05573611853071ff5:73676616590720521273740780131017159863813146877221281593001166957062985730357:1774361953", "outcome": "up"}
{"timestamp_utc": "2026-03-24T14:19:17Z", "market_key": "SOL15M_2026-03-24T14:30:00Z", "price": 0.42999995054998097, "size": 4.651161, "side": "buy", "trade_id": "0x77ec79719857240113c07d3357cb4b6ec05000f7c3b09b5e960969168a4efd0d:26214835708641952251627118906456876004658833141107928128218392761452134762440:1774361957", "outcome": "down"}
{"timestamp_utc": "2026-03-24T14:19:19Z", "market_key": "SOL15M_2026-03-24T14:30:00Z", "price": 0.4499999199604569, "size": 5.622221, "side": "buy", "trade_id": "0xd9ca6f8f0036a631e6686d328c68aa0c951b82b6c0bb6e1f6b82fb905a60df15:26214835708641952251627118906456876004658833141107928128218392761452134762440:1774361959", "outcome": "down"}
{"timestamp_utc": "2026-03-24T14:19:19Z", "market_key": "SOL15M_2026-03-24T14:30:00Z", "price": 0.58, "size": 16.0, "side": "buy", "trade_id": "0x0227618f04eff468359c4d22db0613c720bee15f476eb92db4a1c5ca0dcaf2eb:73676616590720521273740780131017159863813146877221281593001166957062985730357:1774361959", "outcome": "up"}
{"timestamp_utc": "2026-03-24T14:19:21Z", "market_key": "SOL15M_2026-03-24T14:30:00Z", "price": 0.45, "size": 5.2, "side": "buy", "trade_id": "0x5ca7388d01a776c9568595c235974a7083beb09688b621b2ddacc6226bdbfe77:26214835708641952251627118906456876004658833141107928128218392761452134762440:1774361961", "outcome": "down"}
{"timestamp_utc": "2026-03-24T14:19:21Z", "market_key": "SOL15M_2026-03-24T14:30:00Z", "price": 0.57, "size": 5.0, "side": "buy", "trade_id": "0x1cc03f8913fa808df38dc7b48221271fce06f12596fabdc9f78183d77aac6dd4:73676616590720521273740780131017159863813146877221281593001166957062985730357:1774361961", "outcome": "up"}
{"timestamp_utc": "2026-03-24T14:19:21Z", "market_key": "SOL15M_2026-03-24T14:30:00Z", "price": 0.44999993571426866, "size": 5.444443, "side": "buy", "trade_id": "0xde6bcfd6ed15ff79984e505398f7c812718854391980a94127c37f6605bee481:26214835708641952251627118906456876004658833141107928128218392761452134762440:1774361961", "outcome": "down"}
{"timestamp_utc": "2026-03-24T14:19:21Z", "market_key": "SOL15M_2026-03-24T14:30:00Z", "price": 0.5899999711968428, "size": 10.762709, "side": "buy", "trade_id": "0x323b53a9ff6bb44c9a4be1c852ab04f1381d1fd68ad516e1101e08dc199e67af:73676616590720521273740780131017159863813146877221281593001166957062985730357:1774361961", "outcome": "up"}
{"timestamp_utc": "2026-03-24T14:19:23Z", "market_key": "SOL15M_2026-03-24T14:30:00Z", "price": 0.59, "size": 52.0, "side": "buy", "trade_id": "0x6e7be2a6cffa667a8e5c7683c2fa5e7040b5fe8af879a293ba1982944580497b:73676616590720521273740780131017159863813146877221281593001166957062985730357:1774361963", "outcome": "up"}
{"timestamp_utc": "2026-03-24T14:19:23Z", "market_key": "SOL15M_2026-03-24T14:30:00Z", "price": 0.4299999246214971, "size": 5.837208, "side": "buy", "trade_id": "0x6431c11749050fc58a4c58487648f988b4beb65ad621efb78a863999286063c1:26214835708641952251627118906456876004658833141107928128218392761452134762440:1774361963", "outcome": "down"}
{"timestamp_utc": "2026-03-24T14:19:25Z", "market_key": "SOL15M_2026-03-24T14:30:00Z", "price": 0.5899999931594184, "size": 5.847456, "side": "buy", "trade_id": "0xb499b1536758baec1cc45ddef414c9001892f206b89fdc5e70efe1868e8d2172:73676616590720521273740780131017159863813146877221281593001166957062985730357:1774361965", "outcome": "up"}
{"timestamp_utc": "2026-03-24T14:19:25Z", "market_key": "SOL15M_2026-03-24T14:30:00Z", "price": 0.59, "size": 5.0, "side": "buy", "trade_id": "0x6565ec6e4ceaa4f0d414f343af1f4729063b6c4d9e5f19352799d120b1caf196:73676616590720521273740780131017159863813146877221281593001166957062985730357:1774361965", "outcome": "up"}
{"timestamp_utc": "2026-03-24T14:19:29Z", "market_key": "SOL15M_2026-03-24T14:30:00Z", "price": 0.4299999311327966, "size": 5.953487, "side": "buy", "trade_id": "0xf5dc43ba6634f6f8376ee9269bd6a75759fea71be37d1d4aaa2010da0e26865d:26214835708641952251627118906456876004658833141107928128218392761452134762440:1774361969", "outcome": "down"}
{"timestamp_utc": "2026-03-24T14:19:29Z", "market_key": "SOL15M_2026-03-24T14:30:00Z", "price": 0.43, "size": 5.0, "side": "buy", "trade_id": "0x67154a9df3417247a5c6e1b84179907185009731a6d7aea7b9cd61acef3fbb5b:26214835708641952251627118906456876004658833141107928128218392761452134762440:1774361969", "outcome": "down"}
{"timestamp_utc": "2026-03-24T14:19:29Z", "market_key": "SOL15M_2026-03-24T14:30:00Z", "price": 0.4299998944545234, "size": 5.116278, "side": "buy", "trade_id": "0x825504714e485f8ed7adb7c5a53d74f5d0eac2ec77017e6d4019f2538e839926:26214835708641952251627118906456876004658833141107928128218392761452134762440:1774361969", "outcome": "down"}
{"timestamp_utc": "2026-03-24T14:19:31Z", "market_key": "SOL15M_2026-03-24T14:30:00Z", "price": 0.42, "size": 5.0, "side": "buy", "trade_id": "0xb8b5f24623a400b0eaa352a664daf292ef62c8f860653435ee2fdd35e490f194:26214835708641952251627118906456876004658833141107928128218392761452134762440:1774361971", "outcome": "down"}
{"timestamp_utc": "2026-03-24T14:19:39Z", "market_key": "SOL15M_2026-03-24T14:30:00Z", "price": 0.62, "size": 36.0, "side": "buy", "trade_id": "0xe48a35cd930b0f38db7971fa74cd2adabd1660a87e77acb325fac7252d72bdcf:73676616590720521273740780131017159863813146877221281593001166957062985730357:1774361979", "outcome": "up"}
{"timestamp_utc": "2026-03-24T14:19:39Z", "market_key": "SOL15M_2026-03-24T14:30:00Z", "price": 0.62, "size": 77.0, "side": "buy", "trade_id": "0x2a541c9cc15a20cf608f2e5c4bb8bcb683ed9cad3ae14e855477e4a5ee9cef67:73676616590720521273740780131017159863813146877221281593001166957062985730357:1774361979", "outcome": "up"}
{"timestamp_utc": "2026-03-24T14:19:39Z", "market_key": "SOL15M_2026-03-24T14:30:00Z", "price": 0.37, "size": 3.04, "side": "sell", "trade_id": "0x69becb6913295624c2150c8fbac19b2c38902320212672bc0a502078d0969829:26214835708641952251627118906456876004658833141107928128218392761452134762440:1774361979", "outcome": "down"}
{"timestamp_utc": "2026-03-24T14:19:39Z", "market_key": "SOL15M_2026-03-24T14:30:00Z", "price": 0.63, "size": 10.0, "side": "buy", "trade_id": "0xe0b1b6f3f2caa2ed61c5ce9fc54e57434f85d8211764f38d6d8de829361982d5:73676616590720521273740780131017159863813146877221281593001166957062985730357:1774361979", "outcome": "up"}
{"timestamp_utc": "2026-03-24T14:19:39Z", "market_key": "SOL15M_2026-03-24T14:30:00Z", "price": 0.63, "size": 36.0, "side": "buy", "trade_id": "0x2837b492a9cb180339ad9e81f940154464c87ca51fc985184b83a7ef08aa34ba:73676616590720521273740780131017159863813146877221281593001166957062985730357:1774361979", "outcome": "up"}
{"timestamp_utc": "2026-03-24T14:19:39Z", "market_key": "SOL15M_2026-03-24T14:30:00Z", "price": 0.6437791899071984, "size": 200.93846, "side": "buy", "trade_id": "0x8a3b80cc55e188bf95c060356212403407512089c2b33d261d50558c998aac27:73676616590720521273740780131017159863813146877221281593001166957062985730357:1774361979", "outcome": "up"}
{"timestamp_utc": "2026-03-24T14:19:39Z", "market_key": "SOL15M_2026-03-24T14:30:00Z", "price": 0.63, "size": 71.24, "side": "buy", "trade_id": "0xe3ec228db3ed5238612252bf74157c4233420c950928b02f2970e3a6ea75b391:73676616590720521273740780131017159863813146877221281593001166957062985730357:1774361979", "outcome": "up"}
{"timestamp_utc": "2026-03-24T14:19:41Z", "market_key": "SOL15M_2026-03-24T14:30:00Z", "price": 0.65, "size": 39.0, "side": "buy", "trade_id": "0x3ef6682b47529603f9705ca62252c2003baa54d6d1880cff6075169a3a493198:73676616590720521273740780131017159863813146877221281593001166957062985730357:1774361981", "outcome": "up"}
{"timestamp_utc": "2026-03-24T14:19:41Z", "market_key": "SOL15M_2026-03-24T14:30:00Z", "price": 0.36, "size": 10.0, "side": "buy", "trade_id": "0x6afd0045836498a598405f78dfb8ccbe6e67595fc2f8cdd988e6a5399b04c33d:26214835708641952251627118906456876004658833141107928128218392761452134762440:1774361981", "outcome": "down"}
{"timestamp_utc": "2026-03-24T14:19:41Z", "market_key": "SOL15M_2026-03-24T14:30:00Z", "price": 0.65, "size": 78.06, "side": "buy", "trade_id": "0x111e74832918b2de7a56078e8e1bcf5c9e485e9d7dff1813137044c87e9ec06d:73676616590720521273740780131017159863813146877221281593001166957062985730357:1774361981", "outcome": "up"}
{"timestamp_utc": "2026-03-24T14:19:43Z", "market_key": "SOL15M_2026-03-24T14:30:00Z", "price": 0.64, "size": 36.0, "side": "sell", "trade_id": "0xc3e246403afe79d202854e8dbc7d9c96444b9afb58068f8747367fe5370b9abc:73676616590720521273740780131017159863813146877221281593001166957062985730357:1774361983", "outcome": "up"}
{"timestamp_utc": "2026-03-24T14:19:43Z", "market_key": "SOL15M_2026-03-24T14:30:00Z", "price": 0.36, "size": 10.0, "side": "buy", "trade_id": "0x24967b1949158e26a495bdb403d71bfbf74741b58ce99fe77cfeba9a8cbe919f:26214835708641952251627118906456876004658833141107928128218392761452134762440:1774361983", "outcome": "down"}
{"timestamp_utc": "2026-03-24T14:19:45Z", "market_key": "SOL15M_2026-03-24T14:30:00Z", "price": 0.6199999277129805, "size": 3.596773, "side": "buy", "trade_id": "0xfde4697be7685062ea791596e3c0846de986c88fe11d0be032df7808c7ddbeaa:73676616590720521273740780131017159863813146877221281593001166957062985730357:1774361985", "outcome": "up"}
{"timestamp_utc": "2026-03-24T14:19:45Z", "market_key": "SOL15M_2026-03-24T14:30:00Z", "price": 0.38, "size": 3.6, "side": "sell", "trade_id": "0x1391f3f5a45352df0ec98defa794493930bc353ab8af77f5665849999156cd16:26214835708641952251627118906456876004658833141107928128218392761452134762440:1774361985", "outcome": "down"}
{"timestamp_utc": "2026-03-24T14:19:45Z", "market_key": "SOL15M_2026-03-24T14:30:00Z", "price": 0.38, "size": 3.6, "side": "sell", "trade_id": "0x316567d9850d4f3773ffcbb5407d145a93545854860ada197cfacf1911b5c6cc:26214835708641952251627118906456876004658833141107928128218392761452134762440:1774361985", "outcome": "down"}
{"timestamp_utc": "2026-03-24T14:19:45Z", "market_key": "SOL15M_2026-03-24T14:30:00Z", "price": 0.6252963589182142, "size": 3.614283, "side": "buy", "trade_id": "0x27f60b4f8a266f6b7abad4e9f0f30becfa99a8389cb552523f38b2f4a76fe8f8:73676616590720521273740780131017159863813146877221281593001166957062985730357:1774361985", "outcome": "up"}
{"timestamp_utc": "2026-03-24T14:19:45Z", "market_key": "SOL15M_2026-03-24T14:30:00Z", "price": 0.4, "size": 5.0, "side": "buy", "trade_id": "0x83796d5bc376643e4d871aa83b32dcab726ae80fffff2a8da65e564594612c0c:26214835708641952251627118906456876004658833141107928128218392761452134762440:1774361985", "outcome": "down"}
{"timestamp_utc": "2026-03-24T14:19:45Z", "market_key": "SOL15M_2026-03-24T14:30:00Z", "price": 0.39, "size": 2.99, "side": "sell", "trade_id": "0xe09d31ac2bccd09eb3803803fcadacb24c099abf0621d370fb2d4eb827342127:26214835708641952251627118906456876004658833141107928128218392761452134762440:1774361985", "outcome": "down"}
{"timestamp_utc": "2026-03-24T14:19:45Z", "market_key": "SOL15M_2026-03-24T14:30:00Z", "price": 0.62, "size": 5.0, "side": "buy", "trade_id": "0xd1ff737cf88de172d6d760d8befbfb30da60eb4a5c749ce4dce3976f44706f0b:73676616590720521273740780131017159863813146877221281593001166957062985730357:1774361985", "outcome": "up"}
{"timestamp_utc": "2026-03-24T14:19:45Z", "market_key": "SOL15M_2026-03-24T14:30:00Z", "price": 0.629999981099993, "size": 7.936505, "side": "buy", "trade_id": "0x8488af669bcdcfcb6333371c249001330b366f8d7f313aef7efd80212f89da6b:73676616590720521273740780131017159863813146877221281593001166957062985730357:1774361985", "outcome": "up"}
{"timestamp_utc": "2026-03-24T14:19:45Z", "market_key": "SOL15M_2026-03-24T14:30:00Z", "price": 0.4, "size": 5.875, "side": "buy", "trade_id": "0x6d17b88fae54160a3d3b1f8cd5607fa7d4c79110e2577b143155271d00a10097:26214835708641952251627118906456876004658833141107928128218392761452134762440:1774361985", "outcome": "down"}
{"timestamp_utc": "2026-03-24T14:19:47Z", "market_key": "SOL15M_2026-03-24T14:30:00Z", "price": 0.4, "size": 4.825, "side": "buy", "trade_id": "0x424dc3c9acd24a5bc647afd8fc08a351fab09bd5feb5d63a4535d7ea3caed717:26214835708641952251627118906456876004658833141107928128218392761452134762440:1774361987", "outcome": "down"}
{"timestamp_utc": "2026-03-24T14:19:49Z", "market_key": "SOL15M_2026-03-24T14:30:00Z", "price": 0.61, "size": 3.6, "side": "sell", "trade_id": "0xcd8cc38c21c88bd7af629d18e4b9be0527b0a7ae782174f94948bb54122074f4:73676616590720521273740780131017159863813146877221281593001166957062985730357:1774361989", "outcome": "up"}
{"timestamp_utc": "2026-03-24T14:19:49Z", "market_key": "SOL15M_2026-03-24T14:30:00Z", "price": 0.6199999613840721, "size": 4.661289, "side": "buy", "trade_id": "0x4481da40d36346473cb5dd1e3fac23cb163ff9856c905013d2f100e6d0844fcd:73676616590720521273740780131017159863813146877221281593001166957062985730357:1774361989", "outcome": "up"}
{"timestamp_utc": "2026-03-24T14:19:53Z", "market_key": "SOL15M_2026-03-24T14:30:00Z", "price": 0.58, "size": 0.52, "side": "sell", "trade_id": "0xc3399bc8e755cb8c6e1853b643da000716058aa70dea787699f3e545f535fc08:73676616590720521273740780131017159863813146877221281593001166957062985730357:1774361993", "outcome": "up"}
{"timestamp_utc": "2026-03-24T14:19:57Z", "market_key": "SOL15M_2026-03-24T14:30:00Z", "price": 0.6199999385422622, "size": 5.532257, "side": "buy", "trade_id": "0xd62daf1a523d37503f7d3885b26254cae22e212a8f1617908cdeadea44ec019a:73676616590720521273740780131017159863813146877221281593001166957062985730357:1774361997", "outcome": "up"}
{"timestamp_utc": "2026-03-24T14:20:05Z", "market_key": "SOL15M_2026-03-24T14:30:00Z", "price": 0.63, "size": 6.25, "side": "buy", "trade_id": "0xa57159423e25122f08af519ac137ffa74387398d330ccb9adabe56d61c456163:73676616590720521273740780131017159863813146877221281593001166957062985730357:1774362005", "outcome": "up"}
{"timestamp_utc": "2026-03-24T14:20:05Z", "market_key": "SOL15M_2026-03-24T14:30:00Z", "price": 0.3699999091817579, "size": 2.972971, "side": "buy", "trade_id": "0x6d6ed27352836a34cf65bbfa3ef5a0d3d1b015f18a8f2a33327cf86343a8091a:26214835708641952251627118906456876004658833141107928128218392761452134762440:1774362005", "outcome": "down"}
{"timestamp_utc": "2026-03-24T14:20:07Z", "market_key": "SOL15M_2026-03-24T14:30:00Z", "price": 0.61, "size": 5.0, "side": "sell", "trade_id": "0xce5a1588170c6e00ec494c719e01cac360e5d5fa3cc356e24f60442e17ebf10d:73676616590720521273740780131017159863813146877221281593001166957062985730357:1774362007", "outcome": "up"}
{"timestamp_utc": "2026-03-24T14:20:09Z", "market_key": "SOL15M_2026-03-24T14:30:00Z", "price": 0.61, "size": 21.38, "side": "buy", "trade_id": "0x56bec99205aa592080877bacffb553f43f1ad37b0ddce3959d29c6ba9bde087e:73676616590720521273740780131017159863813146877221281593001166957062985730357:1774362009", "outcome": "up"}
{"timestamp_utc": "2026-03-24T14:20:09Z", "market_key": "SOL15M_2026-03-24T14:30:00Z", "price": 0.6099998183818135, "size": 5.065572, "side": "buy", "trade_id": "0x57595654c980b277bfc3044313bf9f310d4f3b34fee0f0753493122ef281116a:73676616590720521273740780131017159863813146877221281593001166957062985730357:1774362009", "outcome": "up"}
{"timestamp_utc": "2026-03-24T14:20:09Z", "market_key": "SOL15M_2026-03-24T14:30:00Z", "price": 0.61, "size": 5.0, "side": "buy", "trade_id": "0xcd4adb14fce5aaf8a8bf4407e413d093a9867838d7e22bd5090fe6d051ce3315:73676616590720521273740780131017159863813146877221281593001166957062985730357:1774362009", "outcome": "up"}
{"timestamp_utc": "2026-03-24T14:20:09Z", "market_key": "SOL15M_2026-03-24T14:30:00Z", "price": 0.61, "size": 10.0, "side": "buy", "trade_id": "0xc7d7c3dab5e5e026e4dfc01db108c152c017186c35463b716a4fa9806adefdca:73676616590720521273740780131017159863813146877221281593001166957062985730357:1774362009", "outcome": "up"}
{"timestamp_utc": "2026-03-24T14:20:09Z", "market_key": "SOL15M_2026-03-24T14:30:00Z", "price": 0.64, "size": 4.765625, "side": "buy", "trade_id": "0x257819c75de3e5d0e19094b0ebefd7a9318e7337f5cf33ddd56299f860e6c61e:73676616590720521273740780131017159863813146877221281593001166957062985730357:1774362009", "outcome": "up"}
{"timestamp_utc": "2026-03-24T14:20:11Z", "market_key": "SOL15M_2026-03-24T14:30:00Z", "price": 0.42999998434865655, "size": 12.139533, "side": "buy", "trade_id": "0xca3cab1bdc421de1d441c2d1e3405df7c20f8999e981080d8f3a0d29165793ca:26214835708641952251627118906456876004658833141107928128218392761452134762440:1774362011", "outcome": "down"}
{"timestamp_utc": "2026-03-24T14:20:11Z", "market_key": "SOL15M_2026-03-24T14:30:00Z", "price": 0.429999876783589, "size": 3.976743, "side": "buy", "trade_id": "0x89056c7cb10303c768f097ce6c7d626b9997232e9eb358ca2d8e1daaeda00ecd:26214835708641952251627118906456876004658833141107928128218392761452134762440:1774362011", "outcome": "down"}
{"timestamp_utc": "2026-03-24T14:20:11Z", "market_key": "SOL15M_2026-03-24T14:30:00Z", "price": 0.42999998780141807, "size": 39.348836, "side": "buy", "trade_id": "0x2372352772c531b04d595b8d35d9a06e75369f023aa369ad76dc6e25754ca39e:26214835708641952251627118906456876004658833141107928128218392761452134762440:1774362011", "outcome": "down"}
{"timestamp_utc": "2026-03-24T14:20:11Z", "market_key": "SOL15M_2026-03-24T14:30:00Z", "price": 0.435799364737643, "size": 33.042726, "side": "buy", "trade_id": "0x03724f6941007f5544e9e0af132e4e77c6fce9b776f74149681f54dbce9f2474:26214835708641952251627118906456876004658833141107928128218392761452134762440:1774362011", "outcome": "down"}
{"timestamp_utc": "2026-03-24T14:20:13Z", "market_key": "SOL15M_2026-03-24T14:30:00Z", "price": 0.4, "size": 25.0, "side": "buy", "trade_id": "0x2f75cfbe686cfdf086a71857bae11457b60646ca28d2bc8fa652504defeb0820:26214835708641952251627118906456876004658833141107928128218392761452134762440:1774362013", "outcome": "down"}
{"timestamp_utc": "2026-03-24T14:20:13Z", "market_key": "SOL15M_2026-03-24T14:30:00Z", "price": 0.6199999593442459, "size": 6.887094, "side": "buy", "trade_id": "0x9c6c77cc222cb3c0a42546483791ebff5e782798335f6d828d546c4220b875e4:73676616590720521273740780131017159863813146877221281593001166957062985730357:1774362013", "outcome": "up"}
{"timestamp_utc": "2026-03-24T14:20:13Z", "market_key": "SOL15M_2026-03-24T14:30:00Z", "price": 0.61999995724137, "size": 5.612902, "side": "buy", "trade_id": "0x10dea3847b0240000b80cb081f9a77f64d17fd5881d20b0e4aea4a1563a4ecc0:73676616590720521273740780131017159863813146877221281593001166957062985730357:1774362013", "outcome": "up"}
{"timestamp_utc": "2026-03-24T14:20:13Z", "market_key": "SOL15M_2026-03-24T14:30:00Z", "price": 0.6278294117647059, "size": 34.0, "side": "buy", "trade_id": "0xd4494fad84ce157609378a8914de9b41d7d6f606c7074eeb96e0e02380ea6a72:73676616590720521273740780131017159863813146877221281593001166957062985730357:1774362013", "outcome": "up"}
{"timestamp_utc": "2026-03-24T14:20:13Z", "market_key": "SOL15M_2026-03-24T14:30:00Z", "price": 0.3899998971817518, "size": 2.820511, "side": "buy", "trade_id": "0xbfb5ab0efa5bcd21ea9508b320543cc1459796021083c5a7135030471c2b3653:26214835708641952251627118906456876004658833141107928128218392761452134762440:1774362013", "outcome": "down"}
{"timestamp_utc": "2026-03-24T14:23:21Z", "market_key": "SOL15M_2026-03-24T14:30:00Z", "price": 0.4369060773480663, "size": 10.86, "side": "sell", "trade_id": "0xe0a7a7898a48b5739c95400ccde45ab9d0c4697ce4731c1240c41033f5bd68d3:26214835708641952251627118906456876004658833141107928128218392761452134762440:1774362201", "outcome": "down"}
{"timestamp_utc": "2026-03-24T14:23:21Z", "market_key": "SOL15M_2026-03-24T14:30:00Z", "price": 0.56, "size": 15.0, "side": "buy", "trade_id": "0x60dfaf5cb09aada85fd79ae008b85f6ebb3f07261a9acb4c0d74a503530e9b49:73676616590720521273740780131017159863813146877221281593001166957062985730357:1774362201", "outcome": "up"}
{"timestamp_utc": "2026-03-24T14:23:21Z", "market_key": "SOL15M_2026-03-24T14:30:00Z", "price": 0.56, "size": 5.0, "side": "buy", "trade_id": "0x59c00d66a3c588805f08846a3d0c877f5d3e58f3f02b17f6335e6112ec342566:73676616590720521273740780131017159863813146877221281593001166957062985730357:1774362201", "outcome": "up"}
{"timestamp_utc": "2026-03-24T14:23:21Z", "market_key": "SOL15M_2026-03-24T14:30:00Z", "price": 0.45, "size": 10.0, "side": "buy", "trade_id": "0x53c994f285bbcd872273bbe25bfe528891b4ef6c0a2cc89ea1df557ef3a25e67:26214835708641952251627118906456876004658833141107928128218392761452134762440:1774362201", "outcome": "down"}
{"timestamp_utc": "2026-03-24T14:23:21Z", "market_key": "SOL15M_2026-03-24T14:30:00Z", "price": 0.44999994545453553, "size": 7.333332, "side": "buy", "trade_id": "0xa6c1925908f5e85a0939c5b8eaebd610e5d07420f2c6f07d72fd1e6ea654d343:26214835708641952251627118906456876004658833141107928128218392761452134762440:1774362201", "outcome": "down"}
{"timestamp_utc": "2026-03-24T14:23:21Z", "market_key": "SOL15M_2026-03-24T14:30:00Z", "price": 0.559999843199887, "size": 1.785713, "side": "buy", "trade_id": "0x008620e3a12230c471bc7d2e6dd36eeed563eef546840cf59dca90f326bb0bb8:73676616590720521273740780131017159863813146877221281593001166957062985730357:1774362201", "outcome": "up"}
{"timestamp_utc": "2026-03-24T14:23:23Z", "market_key": "SOL15M_2026-03-24T14:30:00Z", "price": 0.46, "size": 5.0, "side": "buy", "trade_id": "0xb944bf4912f1b2f03f2b7184438d0244438eafcae0e1efc2e00ab3ca368dad09:26214835708641952251627118906456876004658833141107928128218392761452134762440:1774362203", "outcome": "down"}
{"timestamp_utc": "2026-03-24T14:23:25Z", "market_key": "SOL15M_2026-03-24T14:30:00Z", "price": 0.47, "size": 5.0, "side": "buy", "trade_id": "0x07e8c574d665c379cb080868af14b68f628ead9a11b7eb95aabafd0c332a77d7:26214835708641952251627118906456876004658833141107928128218392761452134762440:1774362205", "outcome": "down"}
{"timestamp_utc": "2026-03-24T14:23:27Z", "market_key": "SOL15M_2026-03-24T14:30:00Z", "price": 0.529999959093956, "size": 11.245282, "side": "buy", "trade_id": "0x5436ad1cd51659777fdcbf5de460c3d4810000f6c4abba59e8691d6b3994b13f:26214835708641952251627118906456876004658833141107928128218392761452134762440:1774362207", "outcome": "down"}
{"timestamp_utc": "2026-03-24T14:23:29Z", "market_key": "SOL15M_2026-03-24T14:30:00Z", "price": 0.44, "size": 4.0, "side": "buy", "trade_id": "0x92a7eb80aea1eaf6c62689cd396d5d03693a10359ab5123f47012a1514eb6ab9:73676616590720521273740780131017159863813146877221281593001166957062985730357:1774362209", "outcome": "up"}
{"timestamp_utc": "2026-03-24T14:23:29Z", "market_key": "SOL15M_2026-03-24T14:30:00Z", "price": 0.58, "size": 9.0, "side": "buy", "trade_id": "0x5aa2ccb96f18239fc7e4c09ce1aa35957f7b667170bc3bd29b1cb735b7649775:26214835708641952251627118906456876004658833141107928128218392761452134762440:1774362209", "outcome": "down"}
{"timestamp_utc": "2026-03-24T14:23:31Z", "market_key": "SOL15M_2026-03-24T14:30:00Z", "price": 0.4, "size": 2.5, "side": "buy", "trade_id": "0x891a287e08e88f350137ebfc194ff149ef32cca71cdd40b340b39a1af67e3ce1:73676616590720521273740780131017159863813146877221281593001166957062985730357:1774362211", "outcome": "up"}
{"timestamp_utc": "2026-03-24T14:23:31Z", "market_key": "SOL15M_2026-03-24T14:30:00Z", "price": 0.4099999674603097, "size": 7.682925, "side": "buy", "trade_id": "0x92c5eeccddef2ebc67c51a97176b3db444f5508bd1c97d2ec0eb0cabdba4116c:73676616590720521273740780131017159863813146877221281593001166957062985730357:1774362211", "outcome": "up"}
{"timestamp_utc": "2026-03-24T14:23:31Z", "market_key": "SOL15M_2026-03-24T14:30:00Z", "price": 0.6, "size": 5.0, "side": "buy", "trade_id": "0x108cda51c1aa10ef08224eaa4f06cf9a4139a6b67798c8681817a9f9bb2adca2:26214835708641952251627118906456876004658833141107928128218392761452134762440:1774362211", "outcome": "down"}
{"timestamp_utc": "2026-03-24T14:23:31Z", "market_key": "SOL15M_2026-03-24T14:30:00Z", "price": 0.4099999659101075, "size": 10.853657, "side": "buy", "trade_id": "0x03f8a22c2877d7d7b68121018cdd2813144efee712f7e1901e4c5cbddbdf4cf1:73676616590720521273740780131017159863813146877221281593001166957062985730357:1774362211", "outcome": "up"}
{"timestamp_utc": "2026-03-24T14:23:31Z", "market_key": "SOL15M_2026-03-24T14:30:00Z", "price": 0.6, "size": 16.266665, "side": "buy", "trade_id": "0xd9e851f1c3cee4a321b9a9814fe6cbfde48258b7756d3bb01f28660f9ad17c71:26214835708641952251627118906456876004658833141107928128218392761452134762440:1774362211", "outcome": "down"}
{"timestamp_utc": "2026-03-24T14:23:31Z", "market_key": "SOL15M_2026-03-24T14:30:00Z", "price": 0.4099999446499798, "size": 4.878047, "side": "buy", "trade_id": "0x5cfbdfa0dc0434fce0a59d8c97b005ba01ca9ce4fdc8b8e999322ba961341cab:73676616590720521273740780131017159863813146877221281593001166957062985730357:1774362211", "outcome": "up"}
{"timestamp_utc": "2026-03-24T14:23:31Z", "market_key": "SOL15M_2026-03-24T14:30:00Z", "price": 0.6, "size": 7.366665, "side": "buy", "trade_id": "0x1e6892848022e3965a04e6a7a67542674d8c855eeaaf169b80fcbbf7c8068d5e:26214835708641952251627118906456876004658833141107928128218392761452134762440:1774362211", "outcome": "down"}
{"timestamp_utc": "2026-03-24T14:23:33Z", "market_key": "SOL15M_2026-03-24T14:30:00Z", "price": 0.40999995659909394, "size": 10.829267, "side": "buy", "trade_id": "0xc4a3eefb146c0188c95a6d4c3609b5ea481526b96069631e69191ca7a320758b:73676616590720521273740780131017159863813146877221281593001166957062985730357:1774362213", "outcome": "up"}
{"timestamp_utc": "2026-03-24T14:23:33Z", "market_key": "SOL15M_2026-03-24T14:30:00Z", "price": 0.40999990681811826, "size": 2.682925, "side": "buy", "trade_id": "0xce435d490b33a349287da0a1901455cc97171433ed2ed2e36f7ed86cc51e6175:73676616590720521273740780131017159863813146877221281593001166957062985730357:1774362213", "outcome": "up"}
{"timestamp_utc": "2026-03-24T14:23:33Z", "market_key": "SOL15M_2026-03-24T14:30:00Z", "price": 0.6, "size": 5.166665, "side": "buy", "trade_id": "0x9ef9d7e9c10cab8f05ac17d774fecdc4c4a33f3a89cc07ba777047fcf71591dc:26214835708641952251627118906456876004658833141107928128218392761452134762440:1774362213", "outcome": "down"}
{"timestamp_utc": "2026-03-24T14:23:35Z", "market_key": "SOL15M_2026-03-24T14:30:00Z", "price": 0.6, "size": 3.5, "side": "buy", "trade_id": "0xa0e72df08ee76c1b8805b3abbbc39e7493ad6fbf4280b50c8a5e59d6805bb1ed:26214835708641952251627118906456876004658833141107928128218392761452134762440:1774362215", "outcome": "down"}
{"timestamp_utc": "2026-03-24T14:23:35Z", "market_key": "SOL15M_2026-03-24T14:30:00Z", "price": 0.59, "size": 5.55, "side": "buy", "trade_id": "0x9cddda90e89498f35e1e6d034abb6c25a7c67ee9b65e066b4152fb8d8d346355:26214835708641952251627118906456876004658833141107928128218392761452134762440:1774362215", "outcome": "down"}
{"timestamp_utc": "2026-03-24T14:23:39Z", "market_key": "SOL15M_2026-03-24T14:30:00Z", "price": 0.43, "size": 2.95, "side": "sell", "trade_id": "0xdb821a14e01e204364e0f3572b4ab76f2211895f333556b8a6e9303d6a8ed67a:73676616590720521273740780131017159863813146877221281593001166957062985730357:1774362219", "outcome": "up"}
{"timestamp_utc": "2026-03-24T14:23:41Z", "market_key": "SOL15M_2026-03-24T14:30:00Z", "price": 0.6, "size": 15.0, "side": "buy", "trade_id": "0xaaf443a03a94a1baf7445e5aee467d8b7852cd53b98e306faf391adc76bd7454:26214835708641952251627118906456876004658833141107928128218392761452134762440:1774362221", "outcome": "down"}
{"timestamp_utc": "2026-03-24T14:23:41Z", "market_key": "SOL15M_2026-03-24T14:30:00Z", "price": 0.62, "size": 16.12, "side": "buy", "trade_id": "0x560ed2322a2db3984e38fa514b3750dc938876d4f14a6c50801348aa09e71b61:26214835708641952251627118906456876004658833141107928128218392761452134762440:1774362221", "outcome": "down"}
{"timestamp_utc": "2026-03-24T14:23:41Z", "market_key": "SOL15M_2026-03-24T14:30:00Z", "price": 0.6325821067190932, "size": 248.884686, "side": "buy", "trade_id": "0x139cb8257e8d709395c5e81dbcff6a0b25ec0c705bf013846adbcde060854a52:26214835708641952251627118906456876004658833141107928128218392761452134762440:1774362221", "outcome": "down"}
{"timestamp_utc": "2026-03-24T14:23:41Z", "market_key": "SOL15M_2026-03-24T14:30:00Z", "price": 0.6485235695226801, "size": 134.92, "side": "buy", "trade_id": "0x9b086a1a48810f0952d76c4d5b451cade440e2f13c0832d5a94380b54d948e58:26214835708641952251627118906456876004658833141107928128218392761452134762440:1774362221", "outcome": "down"}
{"timestamp_utc": "2026-03-24T14:23:41Z", "market_key": "SOL15M_2026-03-24T14:30:00Z", "price": 0.66, "size": 122.5, "side": "buy", "trade_id": "0x018e676c3ee2c5e2d75be4e87c00abe4a1f0c79810a4480ea9a5815a9848e826:26214835708641952251627118906456876004658833141107928128218392761452134762440:1774362221", "outcome": "down"}
{"timestamp_utc": "2026-03-24T14:23:41Z", "market_key": "SOL15M_2026-03-24T14:30:00Z", "price": 0.67, "size": 37.3, "side": "buy", "trade_id": "0xb254c0717d83378c1cd6c24e62a62f452654d01f0eb7abd85daf40513f8b9630:26214835708641952251627118906456876004658833141107928128218392761452134762440:1774362221", "outcome": "down"}
{"timestamp_utc": "2026-03-24T14:23:43Z", "market_key": "SOL15M_2026-03-24T14:30:00Z", "price": 0.62, "size": 10.0, "side": "buy", "trade_id": "0xde450341971c315c91633a8a073308a852f60170610c4ad60ef57b6704a955a2:26214835708641952251627118906456876004658833141107928128218392761452134762440:1774362223", "outcome": "down"}
{"timestamp_utc": "2026-03-24T14:23:43Z", "market_key": "SOL15M_2026-03-24T14:30:00Z", "price": 0.33, "size": 10.0, "side": "buy", "trade_id": "0x564cadcd03e49b3ab74b3465372193b3410d9d1b97e068111146b4008850d9e9:73676616590720521273740780131017159863813146877221281593001166957062985730357:1774362223", "outcome": "up"}
{"timestamp_utc": "2026-03-24T14:23:43Z", "market_key": "SOL15M_2026-03-24T14:30:00Z", "price": 0.6699998659998991, "size": 1.567163, "side": "buy", "trade_id": "0x1eecd07f8645474adf49bb275b2defbb7b69b4fb9ff8c3e6563350fcc32e5cf5:26214835708641952251627118906456876004658833141107928128218392761452134762440:1774362223", "outcome": "down"}
{"timestamp_utc": "2026-03-24T14:23:43Z", "market_key": "SOL15M_2026-03-24T14:30:00Z", "price": 0.6199999954589843, "size": 66.064515, "side": "buy", "trade_id": "0x6975769dbd3fcf25a9be2ff1b746697826be1dfcb01c166cf63897e1e5979931:26214835708641952251627118906456876004658833141107928128218392761452134762440:1774362223", "outcome": "down"}
{"timestamp_utc": "2026-03-24T14:23:43Z", "market_key": "SOL15M_2026-03-24T14:30:00Z", "price": 0.33, "size": 10.0, "side": "buy", "trade_id": "0x4352b5761238187151d9312903afd7ab2ebd564c40e6abd420ee9105324b9a2d:73676616590720521273740780131017159863813146877221281593001166957062985730357:1774362223", "outcome": "up"}
{"timestamp_utc": "2026-03-24T14:23:43Z", "market_key": "SOL15M_2026-03-24T14:30:00Z", "price": 0.67, "size": 0.1, "side": "sell", "trade_id": "0x61a31d54e6819c3076a3009f6f8e81ffbab8f9360334dd1dd97e07967f747c8e:26214835708641952251627118906456876004658833141107928128218392761452134762440:1774362223", "outcome": "down"}
{"timestamp_utc": "2026-03-24T14:23:43Z", "market_key": "SOL15M_2026-03-24T14:30:00Z", "price": 0.68, "size": 7.0, "side": "buy", "trade_id": "0x1d514c749e9e8d5086061e9e326e0455889b7d60a71b585a513451a4df75eeed:26214835708641952251627118906456876004658833141107928128218392761452134762440:1774362223", "outcome": "down"}
{"timestamp_utc": "2026-03-24T14:23:43Z", "market_key": "SOL15M_2026-03-24T14:30:00Z", "price": 0.33, "size": 10.0, "side": "buy", "trade_id": "0x00ae102799d7390c040bb88c437644ae7c387cff4d47ed175868a1ea10af7c3a:73676616590720521273740780131017159863813146877221281593001166957062985730357:1774362223", "outcome": "up"}
{"timestamp_utc": "2026-03-24T14:23:45Z", "market_key": "SOL15M_2026-03-24T14:30:00Z", "price": 0.66, "size": 36.0, "side": "sell", "trade_id": "0x4fc7d306ada66e9bba19447a3e2c99977bb8fe5b8d9a32552a7bac0578ae366e:26214835708641952251627118906456876004658833141107928128218392761452134762440:1774362225", "outcome": "down"}
