{"timestamp_utc": "2026-03-24T14:01:17Z", "market_key": "SOL5M_2026-03-24T14:20:00Z", "price": 0.5, "size": 10.0, "side": "buy", "trade_id": "0x8c572f56e8aa6ea888d244f4f431c18cd81cc93a89e1654a20dd71a6418ecdc4:75642684576629368649626808518667431726589086236463294626461269365880566559854:1774360877", "outcome": "up"}
{"timestamp_utc": "2026-03-24T14:10:05Z", "market_key": "SOL5M_2026-03-24T14:20:00Z", "price": 0.5, "size": 2.0, "side": "buy", "trade_id": "0xf1a5f459c3f21de6f1bcb4e90e5c8fa7970536a1d4caf20374b4099e5baf8834:71411046674634449531038559062439027350536850462691084916231172558535875906901:1774361405", "outcome": "down"}
{"timestamp_utc": "2026-03-24T14:10:07Z", "market_key": "SOL5M_2026-03-24T14:20:00Z", "price": 0.5573349857305456, "size": 119.748447, "side": "buy", "trade_id": "0x54a5b93d8c9c52607ea00920c3976407777e1f584a9a9fe04713d4c6834fbc46:75642684576629368649626808518667431726589086236463294626461269365880566559854:1774361407", "outcome": "up"}
{"timestamp_utc": "2026-03-24T14:10:07Z", "market_key": "SOL5M_2026-03-24T14:20:00Z", "price": 0.46, "size": 15.0, "side": "buy", "trade_id": "0xbd02add261b19e17311ca1ff7c53f9b5c3abe001ff1b8ae99eb4af8f6a6b34ed:71411046674634449531038559062439027350536850462691084916231172558535875906901:1774361407", "outcome": "down"}
{"timestamp_utc": "2026-03-24T14:10:07Z", "market_key": "SOL5M_2026-03-24T14:20:00Z", "price": 0.5, "size": 4.14, "side": "buy", "trade_id": "0x4f9b234493389ac10438cf6ff78e57ac4ee7459f0ceb86b24550e32b7fe48e9c:71411046674634449531038559062439027350536850462691084916231172558535875906901:1774361407", "outcome": "down"}
{"timestamp_utc": "2026-03-24T14:10:07Z", "market_key": "SOL5M_2026-03-24T14:20:00Z", "price": 0.5, "size": 3.86, "side": "buy", "trade_id": "0x72b9b822ff7b5ec775ac2b91d779734e9b0bbbd2de028cd5f82151656d18596d:71411046674634449531038559062439027350536850462691084916231172558535875906901:1774361407", "outcome": "down"}
{"timestamp_utc": "2026-03-24T14:10:07Z", "market_key": "SOL5M_2026-03-24T14:20:00Z", "price": 0.51, "size": 10.5, "side": "buy", "trade_id": "0x7bb53dda8c49d3151347f96471db50e8694168a262e74d893c4a10e3a4558d10:71411046674634449531038559062439027350536850462691084916231172558535875906901:1774361407", "outcome": "down"}
{"timestamp_utc": "2026-03-24T14:10:09Z", "market_key": "SOL5M_2026-03-24T14:20:00Z", "price": 0.47, "size": 5.0, "side": "buy", "trade_id": "0x15941ba9291f8c1ee203d722421e41245846e1cfa6d378e229b53ec056b05dc2:71411046674634449531038559062439027350536850462691084916231172558535875906901:1774361409", "outcome": "down"}
{"timestamp_utc": "2026-03-24T14:10:27Z", "market_key": "SOL5M_2026-03-24T14:20:00Z", "price": 0.48, "size": 5.25, "side": "buy", "trade_id": "0xe0195b66226b9a9c430805335a6fdfcf7d2c1256425c76206b95fa1964c5834c:71411046674634449531038559062439027350536850462691084916231172558535875906901:1774361427", "outcome": "down"}
{"timestamp_utc": "2026-03-24T14:10:27Z", "market_key": "SOL5M_2026-03-24T14:20:00Z", "price": 0.48, "size": 10.5, "side": "buy", "trade_id": "0x676d60dad8eafb670cd3391237d79a6016b34aa5402a4eeb780e74b8f1751d5a:71411046674634449531038559062439027350536850462691084916231172558535875906901:1774361427", "outcome": "down"}
{"timestamp_utc": "2026-03-24T14:10:29Z", "market_key": "SOL5M_2026-03-24T14:20:00Z", "price": 0.4799999519999808, "size": 4.166665, "side": "buy", "trade_id": "0xac0058cda0af1165fb8f6bc4bb4acc96644f0552dfc2cfaaeda0eb805a7a12fe:71411046674634449531038559062439027350536850462691084916231172558535875906901:1774361429", "outcome": "down"}
{"timestamp_utc": "2026-03-24T14:10:33Z", "market_key": "SOL5M_2026-03-24T14:20:00Z", "price": 0.47999982719988943, "size": 2.083332, "side": "buy", "trade_id": "0xf1c1cd7b0b53872139368023cc6e03766ced5b0515926cc5468c9992e285e732:71411046674634449531038559062439027350536850462691084916231172558535875906901:1774361433", "outcome": "down"}
{"timestamp_utc": "2026-03-24T14:11:37Z", "market_key": "SOL5M_2026-03-24T14:20:00Z", "price": 0.5299998780999061, "size": 3.773582, "side": "buy", "trade_id": "0x3dfd9c162bc99d14179de5dd51d7a9a61b6ddb359b790ea812c346ff74e2a0fe:75642684576629368649626808518667431726589086236463294626461269365880566559854:1774361497", "outcome": "up"}
{"timestamp_utc": "2026-03-24T14:11:49Z", "market_key": "SOL5M_2026-03-24T14:20:00Z", "price": 0.48, "size": 39.23, "side": "buy", "trade_id": "0xb4db6fd81e6be993f6a849be60c532565ef89338ab41a68e0becb60bca3bf36c:71411046674634449531038559062439027350536850462691084916231172558535875906901:1774361509", "outcome": "down"}
{"timestamp_utc": "2026-03-24T14:11:59Z", "market_key": "SOL5M_2026-03-24T14:20:00Z", "price": 0.49, "size": 56.1, "side": "buy", "trade_id": "0x322dc5a52de3265dcdc6f71220ba38b1cdbcb8b959ffe626aace764e5d7f45bc:71411046674634449531038559062439027350536850462691084916231172558535875906901:1774361519", "outcome": "down"}
{"timestamp_utc": "2026-03-24T14:12:03Z", "market_key": "SOL5M_2026-03-24T14:20:00Z", "price": 0.49, "size": 51.9, "side": "buy", "trade_id": "0xfd83f6899977ab78f5ffd433d4dcf64169830131bd695a3815af3e051f4ac456:71411046674634449531038559062439027350536850462691084916231172558535875906901:1774361523", "outcome": "down"}
{"timestamp_utc": "2026-03-24T14:12:07Z", "market_key": "SOL5M_2026-03-24T14:20:00Z", "price": 0.49, "size": 18.78, "side": "buy", "trade_id": "0x75570be0d9d8426782d4feb6ef05cf3030e871831f594cf6902f7fd8626217ce:71411046674634449531038559062439027350536850462691084916231172558535875906901:1774361527", "outcome": "down"}
{"timestamp_utc": "2026-03-24T14:12:13Z", "market_key": "SOL5M_2026-03-24T14:20:00Z", "price": 0.5, "size": 20.0, "side": "buy", "trade_id": "0x8be47d643ce1cb4a961202d4d96cf64b061c04f8b556e422193be0e927462884:71411046674634449531038559062439027350536850462691084916231172558535875906901:1774361533", "outcome": "down"}
{"timestamp_utc": "2026-03-24T14:12:15Z", "market_key": "SOL5M_2026-03-24T14:20:00Z", "price": 0.5117012448132781, "size": 48.2, "side": "buy", "trade_id": "0xd8da9b3e23097715fb05b805ba7c0d509935276443e3e79e9c524bf551699d83:71411046674634449531038559062439027350536850462691084916231172558535875906901:1774361535", "outcome": "down"}
{"timestamp_utc": "2026-03-24T14:13:07Z", "market_key": "SOL5M_2026-03-24T14:20:00Z", "price": 0.49, "size": 5.0, "side": "buy", "trade_id": "0x8f144b48d9cfc1c37e8c8c5d0aa9ed0791921742df074ceb64c51b82e99ecbc8:71411046674634449531038559062439027350536850462691084916231172558535875906901:1774361587", "outcome": "down"}
{"timestamp_utc": "2026-03-24T14:14:35Z", "market_key": "SOL5M_2026-03-24T14:20:00Z", "price": 0.49, "size": 5.0, "side": "buy", "trade_id": "0x68f6b88392508a6ac82c804c03d0ff803f67b0a60e40deaef38e05e0338d5b58:71411046674634449531038559062439027350536850462691084916231172558535875906901:1774361675", "outcome": "down"}
{"timestamp_utc": "2026-03-24T14:14:57Z", "market_key": "SOL5M_2026-03-24T14:20:00Z", "price": 0.5199999870807377, "size": 3.096152, "side": "buy", "trade_id": "0x6d94f0ae93b503242ae24bc2fe26c204b5d2c5305ad5b02a94b6d0e072cbae97:75642684576629368649626808518667431726589086236463294626461269365880566559854:1774361697", "outcome": "up"}
{"timestamp_utc": "2026-03-24T14:14:59Z", "market_key": "SOL5M_2026-03-24T14:20:00Z", "price": 0.49, "size": 6.0, "side": "buy", "trade_id": "0x2390159c772365b5a423b7218053c1c53f3c7656f145b24705d433bd129b327f:71411046674634449531038559062439027350536850462691084916231172558535875906901:1774361699", "outcome": "down"}
{"timestamp_utc": "2026-03-24T14:14:59Z", "market_key": "SOL5M_2026-03-24T14:20:00Z", "price": 0.5285652961344126, "size": 13.243395, "side": "buy", "trade_id": "0xe636de6d5923af8227398ed4bb8f813b0b6772464af8635b525072c334a75b6b:75642684576629368649626808518667431726589086236463294626461269365880566559854:1774361699", "outcome": "up"}
{"timestamp_utc": "2026-03-24T14:00:15Z", "market_key": "SOL5M_2026-03-24T14:25:00Z", "price": 0.5, "size": 5.0, "side": "buy", "trade_id": "0x2d192cf7f7adbe1cdf6b2afcd50b5cdcac1886f624cbf3ea8d42464fed923da7:96674317656068794164652101841465886740267031632667976652626107465455156274073:1774360815", "outcome": "up"}
{"timestamp_utc": "2026-03-24T14:01:37Z", "market_key": "SOL5M_2026-03-24T14:25:00Z", "price": 0.51, "size": 10.0, "side": "buy", "trade_id": "0xda67628e16bbe470b451347ca91b115abc642d6bbaf2cdecd012fe1c3a6eda95:96674317656068794164652101841465886740267031632667976652626107465455156274073:1774360897", "outcome": "up"}
{"timestamp_utc": "2026-03-24T14:08:49Z", "market_key": "SOL5M_2026-03-24T14:25:00Z", "price": 0.48, "size": 5.0, "side": "sell", "trade_id": "0x587d20b2c22feeec7f4c256f3301139cd2eea4e2f7723ffe82bde5e8389e6c81:56724113126856807735912873758490147473296728479990239606052407070083960352865:1774361329", "outcome": "down"}
{"timestamp_utc": "2026-03-24T14:15:01Z", "market_key": "SOL5M_2026-03-24T14:25:00Z", "price": 0.547, "size": 50.0, "side": "buy", "trade_id": "0xe969bfd7de1b8ad310fc4e6cdf8d9452b1c4368876b1aea05bae1d204acccec5:96674317656068794164652101841465886740267031632667976652626107465455156274073:1774361701", "outcome": "up"}
{"timestamp_utc": "2026-03-24T14:15:05Z", "market_key": "SOL5M_2026-03-24T14:25:00Z", "price": 0.47, "size": 5.0, "side": "buy", "trade_id": "0xe97da8244e2410cde2cff7b1141253f9ffd1b3f4abe08c40ef940d77f632f424:56724113126856807735912873758490147473296728479990239606052407070083960352865:1774361705", "outcome": "down"}
{"timestamp_utc": "2026-03-24T14:15:05Z", "market_key": "SOL5M_2026-03-24T14:25:00Z", "price": 0.5299998780999061, "size": 3.773582, "side": "buy", "trade_id": "0x1d12372b17856c0458acfcad2b7d042c42ce8f4097f52de16d0deaac1debb341:96674317656068794164652101841465886740267031632667976652626107465455156274073:1774361705", "outcome": "up"}
{"timestamp_utc": "2026-03-24T14:15:07Z", "market_key": "SOL5M_2026-03-24T14:25:00Z", "price": 0.5368995309641007, "size": 1.862544, "side": "buy", "trade_id": "0x4d94beba49b23f99c09f094f9c937793a35d1b73b9e0b6d75e8f94de5bd6a934:96674317656068794164652101841465886740267031632667976652626107465455156274073:1774361707", "outcome": "up"}
{"timestamp_utc": "2026-03-24T14:15:13Z", "market_key": "SOL5M_2026-03-24T14:25:00Z", "price": 0.5599999622168609, "size": 7.410713, "side": "buy", "trade_id": "0x9b94bce614164b3db1e29ff46277102f9c2b04a78176f2a7306ec80ff029d906:96674317656068794164652101841465886740267031632667976652626107465455156274073:1774361713", "outcome": "up"}
{"timestamp_utc": "2026-03-24T14:15:13Z", "market_key": "SOL5M_2026-03-24T14:25:00Z", "price": 0.4499997974998886, "size": 2.222221, "side": "buy", "trade_id": "0xed976a622c57026746b3fb6fcbffa4036af2350e75963ac20ec1ab2d001a6a64:56724113126856807735912873758490147473296728479990239606052407070083960352865:1774361713", "outcome": "down"}
{"timestamp_utc": "2026-03-24T14:15:13Z", "market_key": "SOL5M_2026-03-24T14:25:00Z", "price": 0.55, "size": 10.0, "side": "buy", "trade_id": "0x83fbba8ccc11ffb977ff9f1574a51955e747127b76a79dd4f4670ec097104dfe:96674317656068794164652101841465886740267031632667976652626107465455156274073:1774361713", "outcome": "up"}
{"timestamp_utc": "2026-03-24T14:16:13Z", "market_key": "SOL5M_2026-03-24T14:25:00Z", "price": 0.45, "size": 20.0, "side": "buy", "trade_id": "0x8ac360d8eed8832a3edea0e9c3f6429805389966a14a9e8230edc6f7a2efc122:56724113126856807735912873758490147473296728479990239606052407070083960352865:1774361773", "outcome": "down"}
{"timestamp_utc": "2026-03-24T14:16:49Z", "market_key": "SOL5M_2026-03-24T14:25:00Z", "price": 0.45, "size": 49.4, "side": "buy", "trade_id": "0xe293da567910b40eceb8148dc5cb6bb1e0554dfb2d28fd3380fe1cf0c29253db:56724113126856807735912873758490147473296728479990239606052407070083960352865:1774361809", "outcome": "down"}
{"timestamp_utc": "2026-03-24T14:16:55Z", "market_key": "SOL5M_2026-03-24T14:25:00Z", "price": 0.45, "size": 48.4, "side": "buy", "trade_id": "0x660420104ebbd60e97805d72b6e72046057cc4f258c0d974fa944b9fa5675fa6:56724113126856807735912873758490147473296728479990239606052407070083960352865:1774361815", "outcome": "down"}
{"timestamp_utc": "2026-03-24T14:17:03Z", "market_key": "SOL5M_2026-03-24T14:25:00Z", "price": 0.4593181818181818, "size": 48.4, "side": "buy", "trade_id": "0xe0d9305b652b4a87e88735ca252445d82112e3e87d5d5864ee703bee7a27dfd7:56724113126856807735912873758490147473296728479990239606052407070083960352865:1774361823", "outcome": "down"}
{"timestamp_utc": "2026-03-24T14:17:25Z", "market_key": "SOL5M_2026-03-24T14:25:00Z", "price": 0.4788605868132596, "size": 19.045207, "side": "buy", "trade_id": "0x5ccae17afe8ee303270d38dbd3b947fdcfe132f48629b8cc36782f76292d80aa:56724113126856807735912873758490147473296728479990239606052407070083960352865:1774361845", "outcome": "down"}
{"timestamp_utc": "2026-03-24T14:19:03Z", "market_key": "SOL5M_2026-03-24T14:25:00Z", "price": 0.55, "size": 5.45, "side": "buy", "trade_id": "0x8561a3b99431cc007fcb3b5ccbdd6f784814ac3904cf08741fe2d1f374170fbb:96674317656068794164652101841465886740267031632667976652626107465455156274073:1774361943", "outcome": "up"}
{"timestamp_utc": "2026-03-24T14:19:03Z", "market_key": "SOL5M_2026-03-24T14:25:00Z", "price": 0.5499998395832464, "size": 2.181817, "side": "buy", "trade_id": "0x6158086eb652151db13fc683c5fc70080ecfd4cc43b6964f7176cd6ceadb0efd:96674317656068794164652101841465886740267031632667976652626107465455156274073:1774361943", "outcome": "up"}
{"timestamp_utc": "2026-03-24T14:19:37Z", "market_key": "SOL5M_2026-03-24T14:25:00Z", "price": 0.46, "size": 5.0, "side": "buy", "trade_id": "0xd94bdfe4907e298ee3c5d20ba29ffec5d21a861e2f186e8039529e3fa526dda9:56724113126856807735912873758490147473296728479990239606052407070083960352865:1774361977", "outcome": "down"}
{"timestamp_utc": "2026-03-24T14:01:47Z", "market_key": "SOL5M_2026-03-24T14:30:00Z", "price": 0.51, "size": 10.0, "side": "buy", "trade_id": "0x69dd37a0f96c3d9e6588ed086af6193b4fd2129b962b3bfa3932416d8434eab5:61116240562493698208538391673264837643687631126718328048742502926595323826265:1774360907", "outcome": "up"}
{"timestamp_utc": "2026-03-24T14:09:05Z", "market_key": "SOL5M_2026-03-24T14:30:00Z", "price": 0.45, "size": 5.0, "side": "sell", "trade_id": "0x788888295c46e186d41b0dec9cd658c7052658edd78fc06ff49fe8e25822c703:82625942871322138372363694546644350764675837163537699873694574669873182028847:1774361345", "outcome": "down"}
{"timestamp_utc": "2026-03-24T14:09:19Z", "market_key": "SOL5M_2026-03-24T14:30:00Z", "price": 0.48, "size": 5.0, "side": "buy", "trade_id": "0x08ad6e9dcb6994cf29f735303998cc8f87483821e2affe924d5c0c86ed97b7e4:82625942871322138372363694546644350764675837163537699873694574669873182028847:1774361359", "outcome": "down"}
{"timestamp_utc": "2026-03-24T14:15:19Z", "market_key": "SOL5M_2026-03-24T14:30:00Z", "price": 0.5415953545232274, "size": 65.44, "side": "buy", "trade_id": "0xef64028409fef2a2714e85f6d5e6f079e789cf8e90d9739f161ae4f57479195e:61116240562493698208538391673264837643687631126718328048742502926595323826265:1774361719", "outcome": "up"}
{"timestamp_utc": "2026-03-24T14:15:19Z", "market_key": "SOL5M_2026-03-24T14:30:00Z", "price": 0.45, "size": 10.0, "side": "buy", "trade_id": "0x5dcc9c33ded0a82b096f2a5d6219e7da75f8a41f7cc7bc453e2039d4f0c36feb:82625942871322138372363694546644350764675837163537699873694574669873182028847:1774361719", "outcome": "down"}
{"timestamp_utc": "2026-03-24T14:15:31Z", "market_key": "SOL5M_2026-03-24T14:30:00Z", "price": 0.5599999663999852, "size": 3.571427, "side": "buy", "trade_id": "0x00b15cf6fd7ee5c394960f151ecb9828013402fb52ad4764ac9c06e2eed13873:61116240562493698208538391673264837643687631126718328048742502926595323826265:1774361731", "outcome": "up"}
{"timestamp_utc": "2026-03-24T14:20:03Z", "market_key": "SOL5M_2026-03-24T14:30:00Z", "price": 0.5699999980612238, "size": 5.157893, "side": "buy", "trade_id": "0xc62096795f498b4b67df336be1589de6775c281a3b4809218a17b82491d6918e:61116240562493698208538391673264837643687631126718328048742502926595323826265:1774362003", "outcome": "up"}
{"timestamp_utc": "2026-03-24T14:20:03Z", "market_key": "SOL5M_2026-03-24T14:30:00Z", "price": 0.566172, "size": 50.0, "side": "buy", "trade_id": "0x44ed01cff5fe2262b020ba5df6b49e8278cbdc63e959c0ac061c3dfa458255b7:61116240562493698208538391673264837643687631126718328048742502926595323826265:1774362003", "outcome": "up"}
{"timestamp_utc": "2026-03-24T14:20:07Z", "market_key": "SOL5M_2026-03-24T14:30:00Z", "price": 0.5599999437185703, "size": 3.55357, "side": "buy", "trade_id": "0x6c67fbd5104010827b82f55e8eff42ebd12be0f509adfed022361583e025d51d:61116240562493698208538391673264837643687631126718328048742502926595323826265:1774362007", "outcome": "up"}
{"timestamp_utc": "2026-03-24T14:20:11Z", "market_key": "SOL5M_2026-03-24T14:30:00Z", "price": 0.5599999420689216, "size": 2.071427, "side": "buy", "trade_id": "0x3c9f51e7d1e708356a856e636a64d161fd4d3754d603d9d24b92f5d155d26b9b:61116240562493698208538391673264837643687631126718328048742502926595323826265:1774362011", "outcome": "up"}
{"timestamp_utc": "2026-03-24T14:20:13Z", "market_key": "SOL5M_2026-03-24T14:30:00Z", "price": 0.56, "size": 15.98, "side": "buy", "trade_id": "0x4ea8f53217b408ec8c559dd11c5dfa9b0b882807611d4706d34492ead095f420:61116240562493698208538391673264837643687631126718328048742502926595323826265:1774362013", "outcome": "up"}
{"timestamp_utc": "2026-03-24T14:11:59Z", "market_key": "SOL5M_2026-03-24T14:35:00Z", "price": 0.51, "size": 10.0, "side": "buy", "trade_id": "0x4563c86da5c30bd7eb76574560866c2520c240be212de0d4dffa1d67620f0d3d:38978747380736939044450141913611624879395521214189600546567611566395521463732:1774361519", "outcome": "up"}
{"timestamp_utc": "2026-03-24T14:14:21Z", "market_key": "SOL5M_2026-03-24T14:35:00Z", "price": 0.45, "size": 5.0, "side": "sell", "trade_id": "0xd3aef969499d7953972f859c01c7075bca5773530c011988ecb0bcf1fce779b0:74804218976192873841095995939707262236220960376932068525717014640460014020837:1774361661", "outcome": "down"}
{"timestamp_utc": "2026-03-24T14:15:19Z", "market_key": "SOL5M_2026-03-24T14:35:00Z", "price": 0.55, "size": 50.44, "side": "buy", "trade_id": "0x169dd9429f62103374644d0dce186aaa9a1acdae3f3d34af31d6b21b11ec3638:38978747380736939044450141913611624879395521214189600546567611566395521463732:1774361719", "outcome": "up"}
{"timestamp_utc": "2026-03-24T14:20:15Z", "market_key": "SOL5M_2026-03-24T14:35:00Z", "price": 0.45, "size": 10.0, "side": "buy", "trade_id": "0xe337e024144f4a966fffbd572d865f6f9ad6b09cccba323c4949a08666383326:74804218976192873841095995939707262236220960376932068525717014640460014020837:1774362015", "outcome": "down"}
{"timestamp_utc": "2026-03-24T14:20:15Z", "market_key": "SOL5M_2026-03-24T14:35:00Z", "price": 0.45, "size": 10.0, "side": "buy", "trade_id": "0xd9c7652a6881e3fdc7caead4d049de3cff0cd29d69c515ac37316669e300b13d:74804218976192873841095995939707262236220960376932068525717014640460014020837:1774362015", "outcome": "down"}
{"timestamp_utc": "2026-03-24T14:20:37Z", "market_key": "SOL5M_2026-03-24T14:35:00Z", "price": 0.4499997974998886, "size": 2.222221, "side": "buy", "trade_id": "0x74055ba008fcc8eddbf626c0a8d9a4212dbb5acf4e3f94e2ab29f8c0e85a3629:74804218976192873841095995939707262236220960376932068525717014640460014020837:1774362037", "outcome": "down"}
{"timestamp_utc": "2026-03-24T14:24:07Z", "market_key": "SOL5M_2026-03-24T14:35:00Z", "price": 0.45, "size": 3.0, "side": "buy", "trade_id": "0x41e54b6fe67eb3c7c1f33947e167bd088e0b498c02658054b923b9607c5771a8:74804218976192873841095995939707262236220960376932068525717014640460014020837:1774362247", "outcome": "down"}
{"timestamp_utc": "2026-03-24T14:24:39Z", "market_key": "SOL5M_2026-03-24T14:35:00Z", "price": 0.45, "size": 2.0, "side": "buy", "trade_id": "0xc0d54d38706ee807b3169ac8921545e59e1f44c204fa92b9aaacb772f740d1d0:74804218976192873841095995939707262236220960376932068525717014640460014020837:1774362279", "outcome": "down"}
{"timestamp_utc": "2026-03-24T14:25:03Z", "market_key": "SOL5M_2026-03-24T14:35:00Z", "price": 0.565456, "size": 50.0, "side": "buy", "trade_id": "0xc3d3e1a5bd208ac3c848df0e234cdc37109e4ff12a489c9b440b24fb497e860f:38978747380736939044450141913611624879395521214189600546567611566395521463732:1774362303", "outcome": "up"}
{"timestamp_utc": "2026-03-24T14:25:03Z", "market_key": "SOL5M_2026-03-24T14:35:00Z", "price": 0.5699999980612238, "size": 5.157893, "side": "buy", "trade_id": "0x95a3753edef1f1aec8b4ec3d2207e3bebac6b83bc5cac218f00779d5bca8b4fe:38978747380736939044450141913611624879395521214189600546567611566395521463732:1774362303", "outcome": "up"}
{"timestamp_utc": "2026-03-24T14:25:05Z", "market_key": "SOL5M_2026-03-24T14:35:00Z", "price": 0.4499997974998886, "size": 2.222221, "side": "buy", "trade_id": "0x57c458a72d02b590b1993952775b853437c1fb85850230ea877fe97e30b50f1f:74804218976192873841095995939707262236220960376932068525717014640460014020837:1774362305", "outcome": "down"}
{"timestamp_utc": "2026-03-24T14:25:05Z", "market_key": "SOL5M_2026-03-24T14:35:00Z", "price": 0.5658785100288894, "size": 24.263155, "side": "buy", "trade_id": "0xf06bf1c3754a11ad136b1dfb8974a266c85cda0f9b5192e0c7aed59c035cca6c:38978747380736939044450141913611624879395521214189600546567611566395521463732:1774362305", "outcome": "up"}
{"timestamp_utc": "2026-03-24T14:25:09Z", "market_key": "SOL5M_2026-03-24T14:35:00Z", "price": 0.569999888291423, "size": 3.491227, "side": "buy", "trade_id": "0xb9747a1d4a5eed2ef5350627723651249401e4b929daca2bdc56f4a32f1abaef:38978747380736939044450141913611624879395521214189600546567611566395521463732:1774362309", "outcome": "up"}
{"timestamp_utc": "2026-03-24T14:25:13Z", "market_key": "SOL5M_2026-03-24T14:35:00Z", "price": 0.57, "size": 5.0, "side": "buy", "trade_id": "0x283198e0fe52822c883d6f9ddfa4c1fba14f5e8a5a7b1300049583276e8b7302:38978747380736939044450141913611624879395521214189600546567611566395521463732:1774362313", "outcome": "up"}
{"timestamp_utc": "2026-03-24T14:25:17Z", "market_key": "SOL5M_2026-03-24T14:35:00Z", "price": 0.56, "size": 5.0, "side": "buy", "trade_id": "0x2fc4f97953dd3d999b0db80a5b5613b5522a8951a9722e5f95ec70d5a90104a0:38978747380736939044450141913611624879395521214189600546567611566395521463732:1774362317", "outcome": "up"}
{"timestamp_utc": "2026-03-24T14:25:17Z", "market_key": "SOL5M_2026-03-24T14:35:00Z", "price": 0.4595, "size": 2.0, "side": "buy", "trade_id": "0x8be5c515f635e8218f64ee4cfd1749a222441d209a3fdb9ca8774d82617783cb:74804218976192873841095995939707262236220960376932068525717014640460014020837:1774362317", "outcome": "down"}
{"timestamp_utc": "2026-03-24T14:25:25Z", "market_key": "SOL5M_2026-03-24T14:35:00Z", "price": 0.5599999663999852, "size": 3.571427, "side": "buy", "trade_id": "0x5ef017212bed28e85649123f88387da4ba37071c0e3c6222f5131dc6016c53d4:38978747380736939044450141913611624879395521214189600546567611566395521463732:1774362325", "outcome": "up"}
{"timestamp_utc": "2026-03-24T14:25:39Z", "market_key": "SOL5M_2026-03-24T14:35:00Z", "price": 0.57, "size": 5.0, "side": "buy", "trade_id": "0xff183ab385e6808f9bcadb84e88a4a3f26c6ffa6bdaa5f5206381ad6745cfa05:38978747380736939044450141913611624879395521214189600546567611566395521463732:1774362339", "outcome": "up"}
{"timestamp_utc": "2026-03-24T14:25:43Z", "market_key": "SOL5M_2026-03-24T14:35:00Z", "price": 0.46, "size": 3.0, "side": "buy", "trade_id": "0x5dd912f7369668e0a6e33f6614f783ee5cb3661177695aaee7971aa223c03926:74804218976192873841095995939707262236220960376932068525717014640460014020837:1774362343", "outcome": "down"}
{"timestamp_utc": "2026-03-24T14:26:15Z", "market_key": "SOL5M_2026-03-24T14:35:00Z", "price": 0.46, "size": 3.0, "side": "buy", "trade_id": "0xb2c4245a433c4d84b7729a1458111a62f3019ddd2a6815fb0c2fd6c14c74df29:74804218976192873841095995939707262236220960376932068525717014640460014020837:1774362375", "outcome": "down"}
{"timestamp_utc": "2026-03-24T14:26:51Z", "market_key": "SOL5M_2026-03-24T14:35:00Z", "price": 0.46805479452054793, "size": 36.5, "side": "buy", "trade_id": "0x45ba2f4b22cf49b72f7b04483c8149768aace187261149b97b83a08eaae2edc3:74804218976192873841095995939707262236220960376932068525717014640460014020837:1774362411", "outcome": "down"}
{"timestamp_utc": "2026-03-24T14:26:57Z", "market_key": "SOL5M_2026-03-24T14:35:00Z", "price": 0.4736181818181818, "size": 33.0, "side": "buy", "trade_id": "0x7f55659da9e09c157111ce988104f02c3e5306b52ac7bb1221472c0830f80244:74804218976192873841095995939707262236220960376932068525717014640460014020837:1774362417", "outcome": "down"}
{"timestamp_utc": "2026-03-24T14:27:03Z", "market_key": "SOL5M_2026-03-24T14:35:00Z", "price": 0.48, "size": 32.4, "side": "buy", "trade_id": "0xf4b4868160409c62c6570ecf1b7913dfbfb946a0f87ef6fc9aec6659a0329f3e:74804218976192873841095995939707262236220960376932068525717014640460014020837:1774362423", "outcome": "down"}
{"timestamp_utc": "2026-03-24T14:27:53Z", "market_key": "SOL5M_2026-03-24T14:35:00Z", "price": 0.5499999815848179, "size": 8.145453, "side": "buy", "trade_id": "0xb3b747e1c03297e1c584cc2cc577d5951c64f4bb17df33579dcfb372e8a98351:38978747380736939044450141913611624879395521214189600546567611566395521463732:1774362473", "outcome": "up"}
{"timestamp_utc": "2026-03-24T14:28:07Z", "market_key": "SOL5M_2026-03-24T14:35:00Z", "price": 0.55, "size": 5.0, "side": "buy", "trade_id": "0xac1be9ed80dd12caa6028f53697da491aaed91319f2be9d8c36656b6aa700434:38978747380736939044450141913611624879395521214189600546567611566395521463732:1774362487", "outcome": "up"}
{"timestamp_utc": "2026-03-24T14:29:55Z", "market_key": "SOL5M_2026-03-24T14:35:00Z", "price": 0.5399999986499998, "size": 14.814813, "side": "buy", "trade_id": "0xc43e2534340184fc804ccbba55beb23a6f59882a25705f2271362434f736fad8:38978747380736939044450141913611624879395521214189600546567611566395521463732:1774362595", "outcome": "up"}
{"timestamp_utc": "2026-03-24T14:29:55Z", "market_key": "SOL5M_2026-03-24T14:35:00Z", "price": 0.5399998469999159, "size": 2.222221, "side": "buy", "trade_id": "0xcfc43162ac0e8102e9f3a0b650ea919a756e95b60c7512f2101b0998234da823:38978747380736939044450141913611624879395521214189600546567611566395521463732:1774362595", "outcome": "up"}
{"timestamp_utc": "2026-03-24T14:15:19Z", "market_key": "SOL5M_2026-03-24T14:40:00Z", "price": 0.5463898916967509, "size": 60.94, "side": "buy", "trade_id": "0xd0f46a15e31d89d14ccec43a49de70ce0fc3f43a488b931f1489b8a1664037c1:50647059684584725961786745712796956066770020009641296190870099196605500115104:1774361719", "outcome": "up"}
{"timestamp_utc": "2026-03-24T14:21:53Z", "market_key": "SOL5M_2026-03-24T14:40:00Z", "price": 0.45, "size": 10.0, "side": "buy", "trade_id": "0x4932fc45c0ddbe4d7cfc72649711a77f45fab191cfddf4e67479d82e42931a26:58046609683648712170915191841881606535861993738460784291433039399421058042726:1774362113", "outcome": "down"}
{"timestamp_utc": "2026-03-24T14:21:55Z", "market_key": "SOL5M_2026-03-24T14:40:00Z", "price": 0.45, "size": 9.06, "side": "buy", "trade_id": "0xeb3580096145f80aeb0827a6f0aeebbca926e8601325b8511cbac2444160e977:58046609683648712170915191841881606535861993738460784291433039399421058042726:1774362115", "outcome": "down"}
{"timestamp_utc": "2026-03-24T14:25:11Z", "market_key": "SOL5M_2026-03-24T14:40:00Z", "price": 0.4581818181818182, "size": 5.5, "side": "sell", "trade_id": "0x03723ec37bf8a203e73632503339467694c74bba12d9251a703a603fa37fc238:58046609683648712170915191841881606535861993738460784291433039399421058042726:1774362311", "outcome": "down"}
{"timestamp_utc": "2026-03-24T14:28:13Z", "market_key": "SOL5M_2026-03-24T14:40:00Z", "price": 0.56, "size": 10.0, "side": "buy", "trade_id": "0x3d01c46fc9498490f31197ce05874f65043894853240044ffa031f18df158404:50647059684584725961786745712796956066770020009641296190870099196605500115104:1774362493", "outcome": "up"}
{"timestamp_utc": "2026-03-24T14:30:13Z", "market_key": "SOL5M_2026-03-24T14:40:00Z", "price": 0.4699998777999096, "size": 2.127658, "side": "buy", "trade_id": "0xb344d857291684ea3db76570a1e4062f0d9c9a4c09818ed1e70d537e40f23f10:58046609683648712170915191841881606535861993738460784291433039399421058042726:1774362613", "outcome": "down"}
{"timestamp_utc": "2026-03-24T14:30:13Z", "market_key": "SOL5M_2026-03-24T14:40:00Z", "price": 0.54, "size": 1.85185, "side": "buy", "trade_id": "0xa64805121dab28411586a9420d59f1ae3440d54576f10010e9fd0264b3321b0b:50647059684584725961786745712796956066770020009641296190870099196605500115104:1774362613", "outcome": "up"}
{"timestamp_utc": "2026-03-24T14:15:21Z", "market_key": "SOL5M_2026-03-24T14:45:00Z", "price": 0.5445, "size": 40.0, "side": "buy", "trade_id": "0xa42a5cbc906c6fed994decc4bcf6184da614b6d01ef5c0f6dce34e137b6126fb:66747357291758462873857676445866850280796248913895938158578773032025256645717:1774361721", "outcome": "up"}
{"timestamp_utc": "2026-03-24T14:25:03Z", "market_key": "SOL5M_2026-03-24T14:45:00Z", "price": 0.4590909090909091, "size": 5.5, "side": "sell", "trade_id": "0xf54817fcd18c524d32e4e07f9036951742bafe7801b560205d0795495703b60a:21460487149360548998130737334010176409432008114050711997059577375569238797443:1774362303", "outcome": "down"}
{"timestamp_utc": "2026-03-24T14:25:09Z", "market_key": "SOL5M_2026-03-24T14:45:00Z", "price": 0.47, "size": 5.0, "side": "buy", "trade_id": "0x91b1352e47b998c34927e1662c1d5c8a5631084fbf19949338282477fe21ba0b:21460487149360548998130737334010176409432008114050711997059577375569238797443:1774362309", "outcome": "down"}
{"timestamp_utc": "2026-03-24T14:28:29Z", "market_key": "SOL5M_2026-03-24T14:45:00Z", "price": 0.55, "size": 10.0, "side": "buy", "trade_id": "0xfbaf251e12e47f29356ca1e488118bbcad2bdf6e9522f368a0d7f9a6c8523d28:66747357291758462873857676445866850280796248913895938158578773032025256645717:1774362509", "outcome": "up"}
{"timestamp_utc": "2026-03-24T14:30:07Z", "market_key": "SOL5M_2026-03-24T14:45:00Z", "price": 0.47, "size": 10.0, "side": "buy", "trade_id": "0x166c82d44225aba12d0402e9cc99e2c03fc7ae01efb34586d60dcbc822dca8c9:21460487149360548998130737334010176409432008114050711997059577375569238797443:1774362607", "outcome": "down"}
{"timestamp_utc": "2026-03-24T14:30:45Z", "market_key": "SOL5M_2026-03-24T14:45:00Z", "price": 0.47, "size": 5.0, "side": "buy", "trade_id": "0xf730e87d26d5e20645d43b3d97c08cd1e8812c900dc51e66280b2a4efcd5c62b:21460487149360548998130737334010176409432008114050711997059577375569238797443:1774362645", "outcome": "down"}
{"timestamp_utc": "2026-03-24T14:32:09Z", "market_key": "SOL5M_2026-03-24T14:45:00Z", "price": 0.47, "size": 3.0, "side": "buy", "trade_id": "0x2e12dbf1ac6c142d8be62bcb1c01570a46ca59fbb8166cf454f18d8d16fd9a72:21460487149360548998130737334010176409432008114050711997059577375569238797443:1774362729", "outcome": "down"}
{"timestamp_utc": "2026-03-24T14:35:05Z", "market_key": "SOL5M_2026-03-24T14:45:00Z", "price": 0.47, "size": 4.22, "side": "buy", "trade_id": "0x860fdc155731329bcc9b8512a9edf8f1761515792dc3c589c2521f9fba678450:21460487149360548998130737334010176409432008114050711997059577375569238797443:1774362905", "outcome": "down"}
{"timestamp_utc": "2026-03-24T14:35:07Z", "market_key": "SOL5M_2026-03-24T14:45:00Z", "price": 0.47999998079999695, "size": 10.416665, "side": "buy", "trade_id": "0x915e98f5e418c3af9328c494ca1e18f22a5caf9fa5c55bcf7dcaa48182b069d3:21460487149360548998130737334010176409432008114050711997059577375569238797443:1774362907", "outcome": "down"}
{"timestamp_utc": "2026-03-24T14:35:17Z", "market_key": "SOL5M_2026-03-24T14:45:00Z", "price": 0.48, "size": 4.58, "side": "buy", "trade_id": "0x0cd67dc04d6d628a7dbbd12ee2cda18692677579129ee08855fd8be11b05fd59:21460487149360548998130737334010176409432008114050711997059577375569238797443:1774362917", "outcome": "down"}
{"timestamp_utc": "2026-03-24T14:35:19Z", "market_key": "SOL5M_2026-03-24T14:45:00Z", "price": 0.49504950495049505, "size": 10.1, "side": "buy", "trade_id": "0x13e8a48a5a354ac1a77a4643cd79942a63a4208bb169c2e995b0d2b82d747d0b:21460487149360548998130737334010176409432008114050711997059577375569238797443:1774362919", "outcome": "down"}
{"timestamp_utc": "2026-03-24T13:42:11Z", "market_key": "SOL5M_2026-03-24T14:50:00Z", "price": 0.51, "size": 5.0, "side": "buy", "trade_id": "0x5dc3fb673800c8bd9822b47779721e93409a1a437057dbe91bed2368345f0e9b:10902764031844591387804545366339081445834520775675910377112226240431501323867:1774359731", "outcome": "up"}
{"timestamp_utc": "2026-03-24T14:09:27Z", "market_key": "SOL5M_2026-03-24T14:50:00Z", "price": 0.48, "size": 5.0, "side": "buy", "trade_id": "0x9bf5632f3c2be0e57a5914e9299ef88dfa53721713f4d03fcc0d7dc952f81434:24833882959195941480648184580921322058512768604331078752559626885456287765917:1774361367", "outcome": "down"}
{"timestamp_utc": "2026-03-24T14:10:33Z", "market_key": "SOL5M_2026-03-24T14:50:00Z", "price": 0.45, "size": 5.0, "side": "sell", "trade_id": "0xffce00ede27c1b3951b8024fdfdcb6c20b8484ca63d8023a97b79e30ffd2e048:24833882959195941480648184580921322058512768604331078752559626885456287765917:1774361433", "outcome": "down"}
{"timestamp_utc": "2026-03-24T14:15:19Z", "market_key": "SOL5M_2026-03-24T14:50:00Z", "price": 0.55, "size": 28.22, "side": "buy", "trade_id": "0x1479bdfe5572d5f1dac2d9593808bf4994dc5ce1b2644d7ab7e79002e61aa038:10902764031844591387804545366339081445834520775675910377112226240431501323867:1774361719", "outcome": "up"}
{"timestamp_utc": "2026-03-24T14:20:21Z", "market_key": "SOL5M_2026-03-24T14:50:00Z", "price": 0.45, "size": 11.78, "side": "buy", "trade_id": "0x1a727cc6eec7ab9f12027a09cd85490b55da4a257fc186477733729a66927c5d:24833882959195941480648184580921322058512768604331078752559626885456287765917:1774362021", "outcome": "down"}
{"timestamp_utc": "2026-03-24T14:30:49Z", "market_key": "SOL5M_2026-03-24T14:50:00Z", "price": 0.47, "size": 5.0, "side": "buy", "trade_id": "0x8a349eb47e9c60859f130b14313eb9fea157c870ddc8def3a094fe69979039c9:24833882959195941480648184580921322058512768604331078752559626885456287765917:1774362649", "outcome": "down"}
{"timestamp_utc": "2026-03-24T14:32:39Z", "market_key": "SOL5M_2026-03-24T14:50:00Z", "price": 0.545, "size": 10.0, "side": "buy", "trade_id": "0x1f61cf6e067a4db9742d332057bd8ab81640d8a3f3bfb1f7dc7931a4503a633d:10902764031844591387804545366339081445834520775675910377112226240431501323867:1774362759", "outcome": "up"}
{"timestamp_utc": "2026-03-24T14:35:11Z", "market_key": "SOL5M_2026-03-24T14:50:00Z", "price": 0.47, "size": 10.0, "side": "buy", "trade_id": "0x5a0241186276e756df84febf3a1f89348a37228cdfb0e5f88fa3beccbc2dbe21:24833882959195941480648184580921322058512768604331078752559626885456287765917:1774362911", "outcome": "down"}
{"timestamp_utc": "2026-03-24T14:40:01Z", "market_key": "SOL5M_2026-03-24T14:50:00Z", "price": 0.55928, "size": 50.0, "side": "buy", "trade_id": "0x87aac31d3b4d01ad83b3882b12a64d60ee7cb3758a84f0794070ddc5fd4ca272:10902764031844591387804545366339081445834520775675910377112226240431501323867:1774363201", "outcome": "up"}
{"timestamp_utc": "2026-03-24T14:40:03Z", "market_key": "SOL5M_2026-03-24T14:50:00Z", "price": 0.5699999488965387, "size": 5.087718, "side": "buy", "trade_id": "0x80438c48f043f02b13e7b052269cc204f25d9ebcaa3daa4c196304a975b1243a:10902764031844591387804545366339081445834520775675910377112226240431501323867:1774363203", "outcome": "up"}
{"timestamp_utc": "2026-03-24T14:40:05Z", "market_key": "SOL5M_2026-03-24T14:50:00Z", "price": 0.4599997607998852, "size": 2.173912, "side": "buy", "trade_id": "0x2eb01ec594458f84b8e1535739872c023ac5b75ebceafce21f3c7d3e5a8e9981:24833882959195941480648184580921322058512768604331078752559626885456287765917:1774363205", "outcome": "down"}
{"timestamp_utc": "2026-03-24T14:40:05Z", "market_key": "SOL5M_2026-03-24T14:50:00Z", "price": 0.55, "size": 5.81818, "side": "buy", "trade_id": "0xd3e5b1b6ce9b54575743e71473bd2a16763dc83ef8dc8664d46849aa87b22a96:10902764031844591387804545366339081445834520775675910377112226240431501323867:1774363205", "outcome": "up"}
{"timestamp_utc": "2026-03-24T14:40:05Z", "market_key": "SOL5M_2026-03-24T14:50:00Z", "price": 0.55, "size": 1.81818, "side": "buy", "trade_id": "0xc9bb95f73c75245fa2698c153a9194a44817734329cb6372d1d0230761917e63:10902764031844591387804545366339081445834520775675910377112226240431501323867:1774363205", "outcome": "up"}
{"timestamp_utc": "2026-03-24T14:40:07Z", "market_key": "SOL5M_2026-03-24T14:50:00Z", "price": 0.5569852743498503, "size": 3.626665, "side": "buy", "trade_id": "0x48c6f7973bbd255e0d0d392a3b2adffc843cefec9333f2ce9254ccb77b207af0:10902764031844591387804545366339081445834520775675910377112226240431501323867:1774363207", "outcome": "up"}
{"timestamp_utc": "2026-03-24T14:40:17Z", "market_key": "SOL5M_2026-03-24T14:50:00Z", "price": 0.46, "size": 5.0, "side": "buy", "trade_id": "0x9d1ab1b175fa40a4c7df8e6bfa93b37e8a377436c7f6c6a302af163363424edf:24833882959195941480648184580921322058512768604331078752559626885456287765917:1774363217", "outcome": "down"}
{"timestamp_utc": "2026-03-24T14:40:23Z", "market_key": "SOL5M_2026-03-24T14:50:00Z", "price": 0.4685204616998951, "size": 19.06, "side": "buy", "trade_id": "0xb9b28f44ffe49362e1b745a08a091e77d2ae9a529f9cc3165dea47e175a8e558:24833882959195941480648184580921322058512768604331078752559626885456287765917:1774363223", "outcome": "down"}
{"timestamp_utc": "2026-03-24T14:40:29Z", "market_key": "SOL5M_2026-03-24T14:50:00Z", "price": 0.55, "size": 5.0, "side": "buy", "trade_id": "0x736488e00ff9f97870cd6585088a9d29741965692dc100ef87ec5aaea0bfda36:10902764031844591387804545366339081445834520775675910377112226240431501323867:1774363229", "outcome": "up"}
{"timestamp_utc": "2026-03-24T14:40:33Z", "market_key": "SOL5M_2026-03-24T14:50:00Z", "price": 0.56, "size": 5.0, "side": "buy", "trade_id": "0x1fe07a75594ce942f51a442c85f130cf18a55f3a179845761e93a13f47c4f90e:10902764031844591387804545366339081445834520775675910377112226240431501323867:1774363233", "outcome": "up"}
{"timestamp_utc": "2026-03-24T14:40:33Z", "market_key": "SOL5M_2026-03-24T14:50:00Z", "price": 0.56, "size": 5.0, "side": "buy", "trade_id": "0x6386136d90fcf600da88c42807fd6df7c694015aea26784535b15742c9c271a7:10902764031844591387804545366339081445834520775675910377112226240431501323867:1774363233", "outcome": "up"}
{"timestamp_utc": "2026-03-24T14:40:43Z", "market_key": "SOL5M_2026-03-24T14:50:00Z", "price": 0.47, "size": 15.0, "side": "buy", "trade_id": "0x9f91f0d08c7d26875407fed96ead205ab9258217934236556430b1aeb5ade0ff:24833882959195941480648184580921322058512768604331078752559626885456287765917:1774363243", "outcome": "down"}
{"timestamp_utc": "2026-03-24T14:41:31Z", "market_key": "SOL5M_2026-03-24T14:50:00Z", "price": 0.5499999724999877, "size": 3.636362, "side": "buy", "trade_id": "0x8a7021b8b54c74812bebe88bf0c2dc3404b19e869fe68725d93830d0acf62d1c:10902764031844591387804545366339081445834520775675910377112226240431501323867:1774363291", "outcome": "up"}
{"timestamp_utc": "2026-03-24T14:44:13Z", "market_key": "SOL5M_2026-03-24T14:50:00Z", "price": 0.5399998469999159, "size": 2.222221, "side": "buy", "trade_id": "0x5dd2fd77322b6de0b05d4812ba4603481ebca2abf767e72c2e473f734838dd2a:10902764031844591387804545366339081445834520775675910377112226240431501323867:1774363453", "outcome": "up"}
{"timestamp_utc": "2026-03-24T14:09:31Z", "market_key": "SOL5M_2026-03-24T14:55:00Z", "price": 0.5, "size": 5.0, "side": "buy", "trade_id": "0x3e002ec8534bdc99c7b39f6a07e2ed18faeb82c2a76e86f29a88a2a97d6a8f79:38896848570680926685266267343764321509761964938782848301281235863602331580621:1774361371", "outcome": "down"}
{"timestamp_utc": "2026-03-24T14:30:51Z", "market_key": "SOL5M_2026-03-24T14:55:00Z", "price": 0.5, "size": 5.0, "side": "buy", "trade_id": "0xf1aca98837488fa5834266f12d8cc8003c9d69b7164abac598814da795283c97:92432199600979422029338958598438332716617619133151040707522453276644777383519:1774362651", "outcome": "up"}
{"timestamp_utc": "2026-03-24T14:30:53Z", "market_key": "SOL5M_2026-03-24T15:00:00Z", "price": 0.5, "size": 5.0, "side": "buy", "trade_id": "0x270b626839c1bb095fbf3e1699744f7e61cc2916ff4cdc20d0f2366c3160814b:38343021547327782453076612797425249120886896663138714145135555199501509749717:1774362653", "outcome": "up"}
{"timestamp_utc": "2026-03-24T14:50:01Z", "market_key": "SOL5M_2026-03-24T15:00:00Z", "price": 0.523, "size": 50.0, "side": "buy", "trade_id": "0x415d1a6b6516450ada596de386328306b08ba09d6517de57d8bdcf83df882d6d:38343021547327782453076612797425249120886896663138714145135555199501509749717:1774363801", "outcome": "up"}
{"timestamp_utc": "2026-03-24T14:50:03Z", "market_key": "SOL5M_2026-03-24T15:00:00Z", "price": 0.549999989852395, "size": 4.927271, "side": "buy", "trade_id": "0x0108c7c89bb57987c0e7ef424b5dd898b9fbc3a924bc0362cbf84c0b16fa5880:38343021547327782453076612797425249120886896663138714145135555199501509749717:1774363803", "outcome": "up"}
{"timestamp_utc": "2026-03-24T14:50:05Z", "market_key": "SOL5M_2026-03-24T15:00:00Z", "price": 0.5, "size": 10.0, "side": "buy", "trade_id": "0x28fec0e33138f50d76a2980d3dbe6afa8ec19c8a05071ef441e5500fb03d6a5f:38343021547327782453076612797425249120886896663138714145135555199501509749717:1774363805", "outcome": "up"}
{"timestamp_utc": "2026-03-24T14:50:05Z", "market_key": "SOL5M_2026-03-24T15:00:00Z", "price": 0.5, "size": 2.0, "side": "buy", "trade_id": "0x921ade6ffcf4dae6504559dda02424c8b488f81628be5c1e42df5f917f9efa96:38343021547327782453076612797425249120886896663138714145135555199501509749717:1774363805", "outcome": "up"}
{"timestamp_utc": "2026-03-24T14:50:07Z", "market_key": "SOL5M_2026-03-24T15:00:00Z", "price": 0.5118055260255786, "size": 3.927271, "side": "buy", "trade_id": "0xacd3dc205d89e259f6c8047c52a55eda84d5499da5f2636d65b59704b3bb8f8b:38343021547327782453076612797425249120886896663138714145135555199501509749717:1774363807", "outcome": "up"}
{"timestamp_utc": "2026-03-24T14:50:27Z", "market_key": "SOL5M_2026-03-24T15:00:00Z", "price": 0.55, "size": 1.81818, "side": "buy", "trade_id": "0x4bef96f8f30a8b3bf5bc1ccfeede73a524d708f6164d4c23ae1e4d2f3bec06b3:38343021547327782453076612797425249120886896663138714145135555199501509749717:1774363827", "outcome": "up"}
{"timestamp_utc": "2026-03-24T14:50:27Z", "market_key": "SOL5M_2026-03-24T15:00:00Z", "price": 0.4874716166185957, "size": 59.326529, "side": "buy", "trade_id": "0xd4c10cd6b835e19250e994b1fc4d12517f04fbebd837cca23f75b1ceacea70a3:86691534502425713140262621288940908404176131012053960556866591597656272277541:1774363827", "outcome": "down"}
{"timestamp_utc": "2026-03-24T14:51:21Z", "market_key": "SOL5M_2026-03-24T15:00:00Z", "price": 0.55, "size": 28.18, "side": "buy", "trade_id": "0xd4820415c985615310d393256422c160cc94934080db30b8b6b554972b55662e:38343021547327782453076612797425249120886896663138714145135555199501509749717:1774363881", "outcome": "up"}
{"timestamp_utc": "2026-03-24T14:51:27Z", "market_key": "SOL5M_2026-03-24T15:00:00Z", "price": 0.5599999663999852, "size": 3.571427, "side": "buy", "trade_id": "0xac7564b1034a4709f3dcb8ea2b8408bce8399a3ee11a119a22d2aec3c0306529:38343021547327782453076612797425249120886896663138714145135555199501509749717:1774363887", "outcome": "up"}
{"timestamp_utc": "2026-03-24T14:51:29Z", "market_key": "SOL5M_2026-03-24T15:00:00Z", "price": 0.559999843199887, "size": 1.785713, "side": "buy", "trade_id": "0x96135ecbd10623d5bc7a0c8d31561e2fd53971029128cb16eb4997e4d12398f1:38343021547327782453076612797425249120886896663138714145135555199501509749717:1774363889", "outcome": "up"}
{"timestamp_utc": "2026-03-24T14:52:05Z", "market_key": "SOL5M_2026-03-24T15:00:00Z", "price": 0.4499999849999985, "size": 16.666665, "side": "buy", "trade_id": "0x1b28b1272b1aa10ad31939313d2165be8c5dd23bfef761fb5c6edfdb9e4a0c64:86691534502425713140262621288940908404176131012053960556866591597656272277541:1774363925", "outcome": "down"}
{"timestamp_utc": "2026-03-24T14:52:13Z", "market_key": "SOL5M_2026-03-24T15:00:00Z", "price": 0.56, "size": 2.91, "side": "buy", "trade_id": "0xaba2d62de477858330fabc65a639ca99f31f3d70d36bc9edd30da3c5f1977138:38343021547327782453076612797425249120886896663138714145135555199501509749717:1774363933", "outcome": "up"}
{"timestamp_utc": "2026-03-24T14:52:31Z", "market_key": "SOL5M_2026-03-24T15:00:00Z", "price": 0.4499999775249709, "size": 20.022221, "side": "buy", "trade_id": "0x0a82f0661150dda658a9880612e18ba8e305f72b0ef3267efe06461d3d6fac9b:86691534502425713140262621288940908404176131012053960556866591597656272277541:1774363951", "outcome": "down"}
{"timestamp_utc": "2026-03-24T14:52:33Z", "market_key": "SOL5M_2026-03-24T15:00:00Z", "price": 0.4499999887562462, "size": 40.022221, "side": "buy", "trade_id": "0xb3418805e4cd73a2be1a61b290ae924375dd2ce16307991658d8a43091fc8594:86691534502425713140262621288940908404176131012053960556866591597656272277541:1774363953", "outcome": "down"}
{"timestamp_utc": "2026-03-24T14:52:33Z", "market_key": "SOL5M_2026-03-24T15:00:00Z", "price": 0.45, "size": 6.0, "side": "buy", "trade_id": "0x4c2135f4187ee86f476534ea79da05fe0020ca56c03d147533b052c4d2f2a662:86691534502425713140262621288940908404176131012053960556866591597656272277541:1774363953", "outcome": "down"}
{"timestamp_utc": "2026-03-24T14:52:43Z", "market_key": "SOL5M_2026-03-24T15:00:00Z", "price": 0.4499999785031823, "size": 13.955554, "side": "buy", "trade_id": "0xf9177c85f42f59c527248399899b318e673d00d8b53ec90e4057fcdf11906d92:86691534502425713140262621288940908404176131012053960556866591597656272277541:1774363963", "outcome": "down"}
{"timestamp_utc": "2026-03-24T14:52:49Z", "market_key": "SOL5M_2026-03-24T15:00:00Z", "price": 0.489999914703687, "size": 5.510203, "side": "buy", "trade_id": "0xabc32867c1e9c3619d990b3279c7f1a9fa2bd109fa219e8f74310ae06f7d9261:86691534502425713140262621288940908404176131012053960556866591597656272277541:1774363969", "outcome": "down"}
{"timestamp_utc": "2026-03-24T14:52:49Z", "market_key": "SOL5M_2026-03-24T15:00:00Z", "price": 0.4858135293275879, "size": 37.071835, "side": "buy", "trade_id": "0xfdfb928d6060cea4f1541048237887df1ff7a92669f1c10d74f8f56a67396d4a:86691534502425713140262621288940908404176131012053960556866591597656272277541:1774363969", "outcome": "down"}
{"timestamp_utc": "2026-03-24T14:53:11Z", "market_key": "SOL5M_2026-03-24T15:00:00Z", "price": 0.55, "size": 5.0, "side": "buy", "trade_id": "0x0cdc78593607269cd9394c684b7e896e8fbd2531c51760f9bd56fbe56ac55d41:38343021547327782453076612797425249120886896663138714145135555199501509749717:1774363991", "outcome": "up"}
{"timestamp_utc": "2026-03-24T14:54:13Z", "market_key": "SOL5M_2026-03-24T15:00:00Z", "price": 0.54, "size": 18.0, "side": "buy", "trade_id": "0x114dc0cee85dca708bec51c61d4951642eb46ae8e138bf980e3159519a66589c:38343021547327782453076612797425249120886896663138714145135555199501509749717:1774364053", "outcome": "up"}
{"timestamp_utc": "2026-03-24T14:54:17Z", "market_key": "SOL5M_2026-03-24T15:00:00Z", "price": 0.5409835991668845, "size": 2.21818, "side": "buy", "trade_id": "0xdb370b66382d571113258eaf6b32ab576ff17c4d115f5078bca69942bedc29c3:38343021547327782453076612797425249120886896663138714145135555199501509749717:1774364057", "outcome": "up"}
{"timestamp_utc": "2026-03-24T14:54:25Z", "market_key": "SOL5M_2026-03-24T15:00:00Z", "price": 0.5499999559999947, "size": 9.090908, "side": "buy", "trade_id": "0xe869e6f96e602c6f581e59ff22d83e81a9ca85101156d44e8e82330fb9469141:38343021547327782453076612797425249120886896663138714145135555199501509749717:1774364065", "outcome": "up"}
{"timestamp_utc": "2026-03-24T14:54:51Z", "market_key": "SOL5M_2026-03-24T15:00:00Z", "price": 0.48, "size": 5.0, "side": "buy", "trade_id": "0x1dad7804524861ebb59ef52ffd69a6a047f37669eeeb9a6193b51b2c0204673b:86691534502425713140262621288940908404176131012053960556866591597656272277541:1774364091", "outcome": "down"}
{"timestamp_utc": "2026-03-24T14:54:53Z", "market_key": "SOL5M_2026-03-24T15:00:00Z", "price": 0.55, "size": 5.45, "side": "buy", "trade_id": "0x920c382cafa207d1df09a9ac4625ff6c1e93e7b1ac9a36295edcdf64639b7d98:38343021547327782453076612797425249120886896663138714145135555199501509749717:1774364093", "outcome": "up"}
{"timestamp_utc": "2026-03-24T14:51:21Z", "market_key": "SOL5M_2026-03-24T15:05:00Z", "price": 0.5400546991546494, "size": 80.44, "side": "buy", "trade_id": "0x9c4268e6d2e9096e501d695c96d2bd3a369385df78106f61724ac30818ec53d7:52116218985102527266465510294286495734518156334144778274815437090598160361900:1774363881", "outcome": "up"}
{"timestamp_utc": "2026-03-24T14:51:23Z", "market_key": "SOL5M_2026-03-24T15:05:00Z", "price": 0.45, "size": 10.0, "side": "buy", "trade_id": "0xffd151330491e89b7b39899c1d022fb88a67e5484b567330697b0f5ff0b4a532:109549379231284131276937989355778342068934555098928431380189719711804555557210:1774363883", "outcome": "down"}
{"timestamp_utc": "2026-03-24T14:55:15Z", "market_key": "SOL5M_2026-03-24T15:05:00Z", "price": 0.45, "size": 15.0, "side": "buy", "trade_id": "0x751521fbf23f25d8424adfaa7a24560ff5020c736a7da01fe43a499f344de6a7:109549379231284131276937989355778342068934555098928431380189719711804555557210:1774364115", "outcome": "down"}
{"timestamp_utc": "2026-03-24T14:55:17Z", "market_key": "SOL5M_2026-03-24T15:05:00Z", "price": 0.5599999663999852, "size": 3.571427, "side": "buy", "trade_id": "0xee3a57f247ecb93be498deca482b13a18c1b3522e97ba2f85adc186fc01c0d03:52116218985102527266465510294286495734518156334144778274815437090598160361900:1774364117", "outcome": "up"}
{"timestamp_utc": "2026-03-24T14:55:23Z", "market_key": "SOL5M_2026-03-24T15:05:00Z", "price": 0.4515918325391014, "size": 17.31652, "side": "buy", "trade_id": "0x083cad3da1a2e936330e76dbfcd57107c2f8b804d0af515ae3c86b47dd0905c5:109549379231284131276937989355778342068934555098928431380189719711804555557210:1774364123", "outcome": "down"}
{"timestamp_utc": "2026-03-24T14:55:37Z", "market_key": "SOL5M_2026-03-24T15:05:00Z", "price": 0.46, "size": 2.24, "side": "buy", "trade_id": "0x156a7cac24c50296327a442fc8f4acc93ec5a2316656172a840cc5d665f2aade:109549379231284131276937989355778342068934555098928431380189719711804555557210:1774364137", "outcome": "down"}
{"timestamp_utc": "2026-03-24T14:55:47Z", "market_key": "SOL5M_2026-03-24T15:05:00Z", "price": 0.47, "size": 5.0, "side": "buy", "trade_id": "0xf6977c996bef15ccbbf37a9f434697fb0b670a7a25bdfb7cd15020efd942d722:109549379231284131276937989355778342068934555098928431380189719711804555557210:1774364147", "outcome": "down"}
{"timestamp_utc": "2026-03-24T14:55:55Z", "market_key": "SOL5M_2026-03-24T15:05:00Z", "price": 0.46999998751328276, "size": 20.021275, "side": "buy", "trade_id": "0x9e01dc3a9c87e8ac9e3887a2237185703cd6ae7e372ec09462ffef9d0072d424:109549379231284131276937989355778342068934555098928431380189719711804555557210:1774364155", "outcome": "down"}
{"timestamp_utc": "2026-03-24T14:55:55Z", "market_key": "SOL5M_2026-03-24T15:05:00Z", "price": 0.46999998871999804, "size": 10.638296, "side": "buy", "trade_id": "0x2fcd708c4620c68487762bb2fdf5bf57da366577dfb4998266c20bc82de5446e:109549379231284131276937989355778342068934555098928431380189719711804555557210:1774364155", "outcome": "down"}
{"timestamp_utc": "2026-03-24T14:55:55Z", "market_key": "SOL5M_2026-03-24T15:05:00Z", "price": 0.47960478625714215, "size": 39.21979, "side": "buy", "trade_id": "0x678d8629e56f1f52bd2ba33f26398de0d1a7bc753950aab08574e952e93c2fbe:109549379231284131276937989355778342068934555098928431380189719711804555557210:1774364155", "outcome": "down"}
{"timestamp_utc": "2026-03-24T14:56:05Z", "market_key": "SOL5M_2026-03-24T15:05:00Z", "price": 0.54, "size": 1.85185, "side": "buy", "trade_id": "0x2a4a02558f857b9b6e947b0c82f8a6a2e69cfb52e5a1130ae5f7e94ed397cfce:52116218985102527266465510294286495734518156334144778274815437090598160361900:1774364165", "outcome": "up"}
{"timestamp_utc": "2026-03-24T14:56:07Z", "market_key": "SOL5M_2026-03-24T15:05:00Z", "price": 0.4799999389399155, "size": 5.895832, "side": "buy", "trade_id": "0x2f21497db3c8ca51480a0352b71e65e1fba3225cb3110fbcb71568878cca7c1e:109549379231284131276937989355778342068934555098928431380189719711804555557210:1774364167", "outcome": "down"}
{"timestamp_utc": "2026-03-24T14:56:21Z", "market_key": "SOL5M_2026-03-24T15:05:00Z", "price": 0.47999982719988943, "size": 2.083332, "side": "buy", "trade_id": "0x84fded119abe2a424f3d90f8ca871b7e4cae34b610f11be09f209616dd826e52:109549379231284131276937989355778342068934555098928431380189719711804555557210:1774364181", "outcome": "down"}
{"timestamp_utc": "2026-03-24T15:00:29Z", "market_key": "SOL5M_2026-03-24T15:05:00Z", "price": 0.34, "size": 9.32, "side": "buy", "trade_id": "0xf7774b8cb8a45374fc33112516be9983c12dad1aa8d6b086c6ee6e9860c5a9c6:109549379231284131276937989355778342068934555098928431380189719711804555557210:1774364429", "outcome": "down"}
{"timestamp_utc": "2026-03-24T15:00:31Z", "market_key": "SOL5M_2026-03-24T15:05:00Z", "price": 0.34, "size": 0.75, "side": "sell", "trade_id": "0x2e32d05ba7008851b8d6ad06cfa2e1d17a7be0f84ed5e43bea020a0e46e5a1fc:109549379231284131276937989355778342068934555098928431380189719711804555557210:1774364431", "outcome": "down"}
{"timestamp_utc": "2026-03-24T15:00:35Z", "market_key": "SOL5M_2026-03-24T15:05:00Z", "price": 0.6699999932999956, "size": 4.477609, "side": "buy", "trade_id": "0x409e3bb39a1692e63aebfa22374d06f2003e73a4e20f68755529a0148443b2b9:52116218985102527266465510294286495734518156334144778274815437090598160361900:1774364435", "outcome": "up"}
{"timestamp_utc": "2026-03-24T15:00:35Z", "market_key": "SOL5M_2026-03-24T15:05:00Z", "price": 0.69, "size": 0.75, "side": "sell", "trade_id": "0xda6f07b890cf04a3665aff2a6fe21d948828ad914441835b992559c2afc4f3a4:52116218985102527266465510294286495734518156334144778274815437090598160361900:1774364435", "outcome": "up"}
{"timestamp_utc": "2026-03-24T15:00:35Z", "market_key": "SOL5M_2026-03-24T15:05:00Z", "price": 0.6999999632545855, "size": 5.442856, "side": "buy", "trade_id": "0x67e405f76f2cebcdcbb54287d1a1cfd673fee07566436212e711c4448b387ca1:52116218985102527266465510294286495734518156334144778274815437090598160361900:1774364435", "outcome": "up"}
{"timestamp_utc": "2026-03-24T15:00:35Z", "market_key": "SOL5M_2026-03-24T15:05:00Z", "price": 0.3, "size": 0.75, "side": "sell", "trade_id": "0x7efe93bf14fe768b0deb0a3831fda4fe3261e04f751a6e51ff9d5bf835cbf720:109549379231284131276937989355778342068934555098928431380189719711804555557210:1774364435", "outcome": "down"}
{"timestamp_utc": "2026-03-24T15:00:35Z", "market_key": "SOL5M_2026-03-24T15:05:00Z", "price": 0.33999998289940664, "size": 19.882351, "side": "buy", "trade_id": "0xe0d92e7e9c35115d9ed733da380910c45d00a7f4ea1b898eadc3eb9d0d12935a:109549379231284131276937989355778342068934555098928431380189719711804555557210:1774364435", "outcome": "down"}
{"timestamp_utc": "2026-03-24T15:00:35Z", "market_key": "SOL5M_2026-03-24T15:05:00Z", "price": 0.74, "size": 71.0, "side": "buy", "trade_id": "0xb0209cbe63e7b7ce2a75186968fd9e27e7a85b6d630f4119b5e4c94b2349cf30:52116218985102527266465510294286495734518156334144778274815437090598160361900:1774364435", "outcome": "up"}
{"timestamp_utc": "2026-03-24T15:00:35Z", "market_key": "SOL5M_2026-03-24T15:05:00Z", "price": 0.28, "size": 15.0, "side": "buy", "trade_id": "0xdb48d8d2b1e4a2c637decb850646ff58494a736cdcf1d30adad725c55635463c:109549379231284131276937989355778342068934555098928431380189719711804555557210:1774364435", "outcome": "down"}
{"timestamp_utc": "2026-03-24T15:00:37Z", "market_key": "SOL5M_2026-03-24T15:05:00Z", "price": 0.61, "size": 0.94, "side": "sell", "trade_id": "0x99484efe63ae18df41e97efa8548541dae5d0b3e82f63a0654988d1331046baa:52116218985102527266465510294286495734518156334144778274815437090598160361900:1774364437", "outcome": "up"}
{"timestamp_utc": "2026-03-24T15:00:37Z", "market_key": "SOL5M_2026-03-24T15:05:00Z", "price": 0.64, "size": 2.02, "side": "sell", "trade_id": "0x74dfab854f176a5ec67a3696a70d21131c4435b5036a3ad8e5c45a500be2279d:52116218985102527266465510294286495734518156334144778274815437090598160361900:1774364437", "outcome": "up"}
{"timestamp_utc": "2026-03-24T15:00:37Z", "market_key": "SOL5M_2026-03-24T15:05:00Z", "price": 0.7299998101998596, "size": 1.369862, "side": "buy", "trade_id": "0xcef843c0c894526f9d3d9b92c797edf4ba0b5c03e6fec85c4d0a2238b1bc619f:52116218985102527266465510294286495734518156334144778274815437090598160361900:1774364437", "outcome": "up"}
{"timestamp_utc": "2026-03-24T15:00:37Z", "market_key": "SOL5M_2026-03-24T15:05:00Z", "price": 0.3, "size": 0.68, "side": "sell", "trade_id": "0x7301ca07a5ec25520fca24e73ca8652e55bacf66e1683f310142d59c46399956:109549379231284131276937989355778342068934555098928431380189719711804555557210:1774364437", "outcome": "down"}
{"timestamp_utc": "2026-03-24T15:00:37Z", "market_key": "SOL5M_2026-03-24T15:05:00Z", "price": 0.33, "size": 0.58, "side": "sell", "trade_id": "0x6fdd0134bd85b2d7cd10c5b0180e3a85fec38e1324b90cf9f6ad9c37d520f243:109549379231284131276937989355778342068934555098928431380189719711804555557210:1774364437", "outcome": "down"}
{"timestamp_utc": "2026-03-24T15:00:39Z", "market_key": "SOL5M_2026-03-24T15:05:00Z", "price": 0.34, "size": 0.58, "side": "sell", "trade_id": "0x16d7e4211603caffa9a57f5f93f1dccb995ed1a69f5ad4c4a1418cf52a52acb2:109549379231284131276937989355778342068934555098928431380189719711804555557210:1774364439", "outcome": "down"}
{"timestamp_utc": "2026-03-24T15:00:39Z", "market_key": "SOL5M_2026-03-24T15:05:00Z", "price": 0.388036, "size": 50.0, "side": "buy", "trade_id": "0xb371b3fea145858e7b12ad308b28258dd02d7a763448b2ee6c2eb887ad741c35:109549379231284131276937989355778342068934555098928431380189719711804555557210:1774364439", "outcome": "down"}
{"timestamp_utc": "2026-03-24T15:00:39Z", "market_key": "SOL5M_2026-03-24T15:05:00Z", "price": 0.33, "size": 5.0, "side": "buy", "trade_id": "0x914ca05402ffaf4414555e814de79b24dd388552e143781e73dcb4a3b084d0bd:109549379231284131276937989355778342068934555098928431380189719711804555557210:1774364439", "outcome": "down"}
{"timestamp_utc": "2026-03-24T15:00:39Z", "market_key": "SOL5M_2026-03-24T15:05:00Z", "price": 0.3, "size": 1.04, "side": "sell", "trade_id": "0xa2d36ceacfa7e0fe0b0d142a19eed43e6bc8a82c0f5fe836d52d7255c44ecf9e:109549379231284131276937989355778342068934555098928431380189719711804555557210:1774364439", "outcome": "down"}
{"timestamp_utc": "2026-03-24T15:00:41Z", "market_key": "SOL5M_2026-03-24T15:05:00Z", "price": 0.6, "size": 2.53, "side": "sell", "trade_id": "0xe881757675b3f0fbd4d9b0df81a287b881e667804a4a48995e67161d47ad686a:52116218985102527266465510294286495734518156334144778274815437090598160361900:1774364441", "outcome": "up"}
{"timestamp_utc": "2026-03-24T15:00:41Z", "market_key": "SOL5M_2026-03-24T15:05:00Z", "price": 0.4, "size": 5.625, "side": "buy", "trade_id": "0xc5569a48d004b670012d8253a7ede5588d3c07835bc05c5c1484e50a23054149:109549379231284131276937989355778342068934555098928431380189719711804555557210:1774364441", "outcome": "down"}
{"timestamp_utc": "2026-03-24T15:00:41Z", "market_key": "SOL5M_2026-03-24T15:05:00Z", "price": 0.34, "size": 15.0, "side": "buy", "trade_id": "0x53ac5b2e312c2bced084492297fd23dd02308ff06fa45b559546e1fe4754ce2a:109549379231284131276937989355778342068934555098928431380189719711804555557210:1774364441", "outcome": "down"}
{"timestamp_utc": "2026-03-24T15:00:41Z", "market_key": "SOL5M_2026-03-24T15:05:00Z", "price": 0.27, "size": 18.0, "side": "buy", "trade_id": "0x8f92103d2db259818013cdebdbea2e99e5f130cdca90617f308ad1595669967c:109549379231284131276937989355778342068934555098928431380189719711804555557210:1774364441", "outcome": "down"}
{"timestamp_utc": "2026-03-24T15:00:41Z", "market_key": "SOL5M_2026-03-24T15:05:00Z", "price": 0.3099998294999233, "size": 3.225805, "side": "buy", "trade_id": "0x90de6b9420e33d0ecb56142b17123606ef7833ec4e21fb9aad3bb322346c4e11:109549379231284131276937989355778342068934555098928431380189719711804555557210:1774364441", "outcome": "down"}
{"timestamp_utc": "2026-03-24T15:00:41Z", "market_key": "SOL5M_2026-03-24T15:05:00Z", "price": 0.29, "size": 5.0, "side": "buy", "trade_id": "0x80f3a666991f75e7e9749f50cf8aa3c303082b84c20d2a736b8d81bc111ec351:109549379231284131276937989355778342068934555098928431380189719711804555557210:1774364441", "outcome": "down"}
{"timestamp_utc": "2026-03-24T15:00:41Z", "market_key": "SOL5M_2026-03-24T15:05:00Z", "price": 0.3799998439284962, "size": 2.947367, "side": "buy", "trade_id": "0x8d6b232ca992bf31dd5dcab47bac5f8b95ca7a58d63d248e50a383cee98c52bc:109549379231284131276937989355778342068934555098928431380189719711804555557210:1774364441", "outcome": "down"}
{"timestamp_utc": "2026-03-24T15:00:41Z", "market_key": "SOL5M_2026-03-24T15:05:00Z", "price": 0.56, "size": 8.18, "side": "buy", "trade_id": "0x7589461f3a363f1f9f0f529d8f3b199047e8c42ae4e042c520068cb67950e036:52116218985102527266465510294286495734518156334144778274815437090598160361900:1774364441", "outcome": "up"}
{"timestamp_utc": "2026-03-24T15:00:41Z", "market_key": "SOL5M_2026-03-24T15:05:00Z", "price": 0.389999890799976, "size": 5.128204, "side": "buy", "trade_id": "0xf5457dc44716c854f1c41286da0fe70914a411574418d3e0242becc1cd943e03:109549379231284131276937989355778342068934555098928431380189719711804555557210:1774364441", "outcome": "down"}
{"timestamp_utc": "2026-03-24T15:00:41Z", "market_key": "SOL5M_2026-03-24T15:05:00Z", "price": 0.35, "size": 0.52, "side": "sell", "trade_id": "0x4b102618eeb1ee2eb095f059ab21b09890599eecf755357b4e99d7c3b415c681:109549379231284131276937989355778342068934555098928431380189719711804555557210:1774364441", "outcome": "down"}
{"timestamp_utc": "2026-03-24T15:00:43Z", "market_key": "SOL5M_2026-03-24T15:05:00Z", "price": 0.6499999617646969, "size": 5.230768, "side": "buy", "trade_id": "0x60e49f4161cf4cbb0048f0187547a2775c336af6df5f810182c7557723b18f5a:52116218985102527266465510294286495734518156334144778274815437090598160361900:1774364443", "outcome": "up"}
{"timestamp_utc": "2026-03-24T15:00:43Z", "market_key": "SOL5M_2026-03-24T15:05:00Z", "price": 0.31, "size": 5.0, "side": "buy", "trade_id": "0xbb71294882cf9bb83bdb86abd6e05d03d190e90bab172d22d9ca657837f2838c:109549379231284131276937989355778342068934555098928431380189719711804555557210:1774364443", "outcome": "down"}
{"timestamp_utc": "2026-03-24T15:00:43Z", "market_key": "SOL5M_2026-03-24T15:05:00Z", "price": 0.26, "size": 20.0, "side": "sell", "trade_id": "0x2440699dfd8190da97a106bb94e25f8a418f079d002cb0b1e6bb566e78fd32f0:109549379231284131276937989355778342068934555098928431380189719711804555557210:1774364443", "outcome": "down"}
{"timestamp_utc": "2026-03-24T15:00:43Z", "market_key": "SOL5M_2026-03-24T15:05:00Z", "price": 0.74, "size": 9.0, "side": "buy", "trade_id": "0x140eae766dbc7e83bbcc0dc91957e56c1c9757ae77c2d398d45430f0b9e87066:52116218985102527266465510294286495734518156334144778274815437090598160361900:1774364443", "outcome": "up"}
{"timestamp_utc": "2026-03-24T15:00:43Z", "market_key": "SOL5M_2026-03-24T15:05:00Z", "price": 0.35, "size": 15.0, "side": "buy", "trade_id": "0x7801e1e27de44fba6e2a1266661cf762d2c90ccf4e730eefa75469e924455d3c:109549379231284131276937989355778342068934555098928431380189719711804555557210:1774364443", "outcome": "down"}
{"timestamp_utc": "2026-03-24T15:00:43Z", "market_key": "SOL5M_2026-03-24T15:05:00Z", "price": 0.35, "size": 18.0, "side": "buy", "trade_id": "0x75f1de401b00dc1fa1fb4f69311fe1e4f810207dc0e9bd63a5b5bd75c66a679f:109549379231284131276937989355778342068934555098928431380189719711804555557210:1774364443", "outcome": "down"}
{"timestamp_utc": "2026-03-24T15:00:43Z", "market_key": "SOL5M_2026-03-24T15:05:00Z", "price": 0.3680729057304679, "size": 25.945944, "side": "buy", "trade_id": "0xce27d582a55744f0e2e7a9ffe9b5bd4f35d8220ce1de549eb25391a02560d940:109549379231284131276937989355778342068934555098928431380189719711804555557210:1774364443", "outcome": "down"}
{"timestamp_utc": "2026-03-24T15:00:43Z", "market_key": "SOL5M_2026-03-24T15:05:00Z", "price": 0.64, "size": 7.0, "side": "buy", "trade_id": "0xa912fd61248a0401c017335f46d6b5ef4da0d44e5632728aca531cbd1a476993:52116218985102527266465510294286495734518156334144778274815437090598160361900:1774364443", "outcome": "up"}
{"timestamp_utc": "2026-03-24T15:00:45Z", "market_key": "SOL5M_2026-03-24T15:05:00Z", "price": 0.34, "size": 0.64, "side": "sell", "trade_id": "0x4b8eeb42b0b52133efdd673de6ac352824a9fce8d5324e378972d6cf72ec444c:109549379231284131276937989355778342068934555098928431380189719711804555557210:1774364445", "outcome": "down"}
{"timestamp_utc": "2026-03-24T15:00:45Z", "market_key": "SOL5M_2026-03-24T15:05:00Z", "price": 0.35, "size": 2.13, "side": "sell", "trade_id": "0x3d4c29df89f92b4534eafaf5a45f6dcbee14c3dc88b16afd2a01a2337b889ddd:109549379231284131276937989355778342068934555098928431380189719711804555557210:1774364445", "outcome": "down"}
{"timestamp_utc": "2026-03-24T15:00:45Z", "market_key": "SOL5M_2026-03-24T15:05:00Z", "price": 0.7, "size": 5.0, "side": "buy", "trade_id": "0xab2024efb97926acb2c825bafe7d055bfb14b6f0da8b201c1e61833b087a3121:52116218985102527266465510294286495734518156334144778274815437090598160361900:1774364445", "outcome": "up"}
{"timestamp_utc": "2026-03-24T15:00:45Z", "market_key": "SOL5M_2026-03-24T15:05:00Z", "price": 0.37999994679998084, "size": 5.263156, "side": "buy", "trade_id": "0x3334583158ce0e108ef4e65c69ce4685aa56f2341e3a051924eddb1532e657a3:109549379231284131276937989355778342068934555098928431380189719711804555557210:1774364445", "outcome": "down"}
{"timestamp_utc": "2026-03-24T15:00:45Z", "market_key": "SOL5M_2026-03-24T15:05:00Z", "price": 0.66, "size": 0.94, "side": "sell", "trade_id": "0xa394638a3d93735c473a53c3a677d47de222ae03823c7c6cb97bf3d5090906b1:52116218985102527266465510294286495734518156334144778274815437090598160361900:1774364445", "outcome": "up"}
{"timestamp_utc": "2026-03-24T15:00:47Z", "market_key": "SOL5M_2026-03-24T15:05:00Z", "price": 0.64, "size": 1.5625, "side": "buy", "trade_id": "0xd1e454ec260104dabab59534060bfa32d0d2943151795083b773a676c65c8608:52116218985102527266465510294286495734518156334144778274815437090598160361900:1774364447", "outcome": "up"}
{"timestamp_utc": "2026-03-24T15:00:47Z", "market_key": "SOL5M_2026-03-24T15:05:00Z", "price": 0.63, "size": 0.75, "side": "sell", "trade_id": "0xcb8e043169236be0434bb0b86bf40474449e3e8ad96efd1a65580b0c120c9290:52116218985102527266465510294286495734518156334144778274815437090598160361900:1774364447", "outcome": "up"}
{"timestamp_utc": "2026-03-24T15:00:47Z", "market_key": "SOL5M_2026-03-24T15:05:00Z", "price": 0.3699999013333158, "size": 6.08108, "side": "buy", "trade_id": "0xb580f4b70cf5d13d981e50bbacb50d70ff052eff9fe1f901ec5a69c44a4dbe4f:109549379231284131276937989355778342068934555098928431380189719711804555557210:1774364447", "outcome": "down"}
{"timestamp_utc": "2026-03-24T15:00:47Z", "market_key": "SOL5M_2026-03-24T15:05:00Z", "price": 0.63, "size": 0.68, "side": "sell", "trade_id": "0x4dfa0a188ffb0c3a3367760766cfdcf7b0bf6af5110c67ae489cc4578402bb6a:52116218985102527266465510294286495734518156334144778274815437090598160361900:1774364447", "outcome": "up"}
{"timestamp_utc": "2026-03-24T15:00:49Z", "market_key": "SOL5M_2026-03-24T15:05:00Z", "price": 0.36, "size": 5.4, "side": "buy", "trade_id": "0xdec1e00cc6824060aa952104871eda81782b1ec7ee2028bfc0ffc68bdac96f5b:109549379231284131276937989355778342068934555098928431380189719711804555557210:1774364449", "outcome": "down"}
{"timestamp_utc": "2026-03-24T15:00:49Z", "market_key": "SOL5M_2026-03-24T15:05:00Z", "price": 0.3699998870526066, "size": 5.135134, "side": "buy", "trade_id": "0x74e2d1b7c297cc391f2d79090fa49c240a4b1fe96fe1d3c86fc57b4869121371:109549379231284131276937989355778342068934555098928431380189719711804555557210:1774364449", "outcome": "down"}
{"timestamp_utc": "2026-03-24T15:00:49Z", "market_key": "SOL5M_2026-03-24T15:05:00Z", "price": 0.35, "size": 0.68, "side": "sell", "trade_id": "0x31b99ff1c65ec90370c27c85bb36b8734afe7e37e00b8a59c648903789fa1f5e:109549379231284131276937989355778342068934555098928431380189719711804555557210:1774364449", "outcome": "down"}
{"timestamp_utc": "2026-03-24T15:00:51Z", "market_key": "SOL5M_2026-03-24T15:05:00Z", "price": 0.6599999408954924, "size": 5.075755, "side": "buy", "trade_id": "0x91679b5d204b1941eedbe836da134f924296cb62ad634b5306e2f33a2b7b43bd:52116218985102527266465510294286495734518156334144778274815437090598160361900:1774364451", "outcome": "up"}
{"timestamp_utc": "2026-03-24T15:00:51Z", "market_key": "SOL5M_2026-03-24T15:05:00Z", "price": 0.64, "size": 0.75, "side": "sell", "trade_id": "0xd774d5d41c7e09fbb37aa262d7afc87eee25b5003e666524aab8574bf53bc4ed:52116218985102527266465510294286495734518156334144778274815437090598160361900:1774364451", "outcome": "up"}
{"timestamp_utc": "2026-03-24T15:00:51Z", "market_key": "SOL5M_2026-03-24T15:05:00Z", "price": 0.34, "size": 0.94, "side": "sell", "trade_id": "0x1efda8b8e636c76d42351b5f0218ea779fdcd16001aac06b74a854c8c1007625:109549379231284131276937989355778342068934555098928431380189719711804555557210:1774364451", "outcome": "down"}
{"timestamp_utc": "2026-03-24T15:00:53Z", "market_key": "SOL5M_2026-03-24T15:05:00Z", "price": 0.63, "size": 0.64, "side": "sell", "trade_id": "0x7a43c99d88f64677384fa40c8e83ef727600ef263e3fc94f11a87a081f0be8ae:52116218985102527266465510294286495734518156334144778274815437090598160361900:1774364453", "outcome": "up"}
{"timestamp_utc": "2026-03-24T15:00:53Z", "market_key": "SOL5M_2026-03-24T15:05:00Z", "price": 0.66, "size": 5.0, "side": "buy", "trade_id": "0xbd2eab824d4ea106e4e14220176549b2833d4d2bc43baebe156001af94c71775:52116218985102527266465510294286495734518156334144778274815437090598160361900:1774364453", "outcome": "up"}
{"timestamp_utc": "2026-03-24T15:00:55Z", "market_key": "SOL5M_2026-03-24T15:05:00Z", "price": 0.37999993582220454, "size": 5.921051, "side": "buy", "trade_id": "0x1df98d825bee474b77f6b9591cccf12d20f508e8c5be385b35492ae9f4051bbf:109549379231284131276937989355778342068934555098928431380189719711804555557210:1774364455", "outcome": "down"}
{"timestamp_utc": "2026-03-24T15:00:59Z", "market_key": "SOL5M_2026-03-24T15:05:00Z", "price": 0.35, "size": 0.75, "side": "sell", "trade_id": "0xc6838213209c6c9d0e4950f7d4c2deb6290091a5a30e998e774bf4eda93dbd84:109549379231284131276937989355778342068934555098928431380189719711804555557210:1774364459", "outcome": "down"}
{"timestamp_utc": "2026-03-24T15:01:01Z", "market_key": "SOL5M_2026-03-24T15:05:00Z", "price": 0.6, "size": 0.94, "side": "sell", "trade_id": "0x4c7a32f0b6e76b588a5c60d756015240967c164aae07997a88a92a65d4898fd4:52116218985102527266465510294286495734518156334144778274815437090598160361900:1774364461", "outcome": "up"}
{"timestamp_utc": "2026-03-24T15:01:01Z", "market_key": "SOL5M_2026-03-24T15:05:00Z", "price": 0.4, "size": 5.625, "side": "buy", "trade_id": "0x1db72b516b463b9399f937d02e8cb16286f9288d4fe7d2bca7e100ffd365c379:109549379231284131276937989355778342068934555098928431380189719711804555557210:1774364461", "outcome": "down"}
{"timestamp_utc": "2026-03-24T15:01:01Z", "market_key": "SOL5M_2026-03-24T15:05:00Z", "price": 0.61, "size": 3.0, "side": "buy", "trade_id": "0x8f418b0e3221cf7ffdf3fd1e1d0dbe3c19d942e23697ea37c827002fd002112b:52116218985102527266465510294286495734518156334144778274815437090598160361900:1774364461", "outcome": "up"}
{"timestamp_utc": "2026-03-24T15:01:03Z", "market_key": "SOL5M_2026-03-24T15:05:00Z", "price": 0.61, "size": 8.0, "side": "buy", "trade_id": "0xd854ec843b9a5aa053fc50dc4fc44e22cbc2a646cc9d7ab022e1d219180a41c8:52116218985102527266465510294286495734518156334144778274815437090598160361900:1774364463", "outcome": "up"}
{"timestamp_utc": "2026-03-24T15:01:05Z", "market_key": "SOL5M_2026-03-24T15:05:00Z", "price": 0.42999984806661906, "size": 3.488371, "side": "buy", "trade_id": "0x5ad4e5623b2dcb1478ceba8404a70ed8fad5d3bb891963ae5159165a5494b683:109549379231284131276937989355778342068934555098928431380189719711804555557210:1774364465", "outcome": "down"}
{"timestamp_utc": "2026-03-24T15:01:05Z", "market_key": "SOL5M_2026-03-24T15:05:00Z", "price": 0.4299999673417608, "size": 5.511626, "side": "buy", "trade_id": "0xae92281381c0573e809de1a43b6af332876d4495fff77376c90746e0eb5086ae:109549379231284131276937989355778342068934555098928431380189719711804555557210:1774364465", "outcome": "down"}
{"timestamp_utc": "2026-03-24T15:01:05Z", "market_key": "SOL5M_2026-03-24T15:05:00Z", "price": 0.43, "size": 10.0, "side": "buy", "trade_id": "0xefadf1769a311aa6822e879e43da105afbb7fd7173252b10eb44bb246cd133d7:109549379231284131276937989355778342068934555098928431380189719711804555557210:1774364465", "outcome": "down"}
{"timestamp_utc": "2026-03-24T15:01:05Z", "market_key": "SOL5M_2026-03-24T15:05:00Z", "price": 0.43, "size": 5.0, "side": "buy", "trade_id": "0x5b7e23dba70fe116bd5e2ee4b9e56b5cbce3a07d10e0a8cb8c169d54b961c2c2:109549379231284131276937989355778342068934555098928431380189719711804555557210:1774364465", "outcome": "down"}
{"timestamp_utc": "2026-03-24T15:01:05Z", "market_key": "SOL5M_2026-03-24T15:05:00Z", "price": 0.43, "size": 11.08, "side": "buy", "trade_id": "0xb466cf9b040d130def70511ab289623ac93fd9dd28e6e87e9c8d0b8f6280ceda:109549379231284131276937989355778342068934555098928431380189719711804555557210:1774364465", "outcome": "down"}
{"timestamp_utc": "2026-03-24T15:01:05Z", "market_key": "SOL5M_2026-03-24T15:05:00Z", "price": 0.5599999925083587, "size": 5.339284, "side": "buy", "trade_id": "0xbc0a10434d3149bda3b05deb349c8bba3b060a79aa59345029e4b3008cb99da0:52116218985102527266465510294286495734518156334144778274815437090598160361900:1774364465", "outcome": "up"}
{"timestamp_utc": "2026-03-24T15:01:05Z", "market_key": "SOL5M_2026-03-24T15:05:00Z", "price": 0.5899999541110892, "size": 6.101692, "side": "buy", "trade_id": "0x81ba675903173be84f0f4eb14467e1ef56088571fb109840fca166001824a6a4:52116218985102527266465510294286495734518156334144778274815437090598160361900:1774364465", "outcome": "up"}
{"timestamp_utc": "2026-03-24T15:01:05Z", "market_key": "SOL5M_2026-03-24T15:05:00Z", "price": 0.58, "size": 0.85, "side": "sell", "trade_id": "0xd6f18e649fc941b75b35da7ed8eda043f3968fdcda4111a62f04a26304d7f360:52116218985102527266465510294286495734518156334144778274815437090598160361900:1774364465", "outcome": "up"}
{"timestamp_utc": "2026-03-24T15:01:05Z", "market_key": "SOL5M_2026-03-24T15:05:00Z", "price": 0.41999993748835235, "size": 5.119046, "side": "buy", "trade_id": "0xe10a7be0a2f43130b7d1c60a2ad1201382f3263d084f7e9baf533e792ec46a54:109549379231284131276937989355778342068934555098928431380189719711804555557210:1774364465", "outcome": "down"}
{"timestamp_utc": "2026-03-24T15:01:05Z", "market_key": "SOL5M_2026-03-24T15:05:00Z", "price": 0.42, "size": 9.35, "side": "buy", "trade_id": "0x017dfbee6135653b1a32da7d17fe708db64a5f6690da68c6c67e11056ccafc4f:109549379231284131276937989355778342068934555098928431380189719711804555557210:1774364465", "outcome": "down"}
{"timestamp_utc": "2026-03-24T15:01:05Z", "market_key": "SOL5M_2026-03-24T15:05:00Z", "price": 0.42, "size": 5.0, "side": "buy", "trade_id": "0x2d03290483ec8ed42f748141c368060d1f42882fff041764e5cf7fcc76ddcd93:109549379231284131276937989355778342068934555098928431380189719711804555557210:1774364465", "outcome": "down"}
{"timestamp_utc": "2026-03-24T15:01:07Z", "market_key": "SOL5M_2026-03-24T15:05:00Z", "price": 0.41, "size": 1.06, "side": "sell", "trade_id": "0x65fae244b860c4b92a3fd3c901dd5a8c701eb064354766538b24f957b8897b0b:109549379231284131276937989355778342068934555098928431380189719711804555557210:1774364467", "outcome": "down"}
{"timestamp_utc": "2026-03-24T15:01:09Z", "market_key": "SOL5M_2026-03-24T15:05:00Z", "price": 0.43999986059396556, "size": 2.295453, "side": "buy", "trade_id": "0xe37aae50329dd8df2c029c1ade8611aaa5a661220bfac1482d99fe7d62e0a38e:109549379231284131276937989355778342068934555098928431380189719711804555557210:1774364469", "outcome": "down"}
{"timestamp_utc": "2026-03-24T15:01:09Z", "market_key": "SOL5M_2026-03-24T15:05:00Z", "price": 0.56, "size": 8.19, "side": "buy", "trade_id": "0x8941b6ed733f9799796e4d4f60df317b4cc4d78e5ab7b481dda0785219d0d5f0:52116218985102527266465510294286495734518156334144778274815437090598160361900:1774364469", "outcome": "up"}
{"timestamp_utc": "2026-03-24T15:01:09Z", "market_key": "SOL5M_2026-03-24T15:05:00Z", "price": 0.42, "size": 1.0, "side": "sell", "trade_id": "0x647aef6020cdc45b030293c2ab0811dbf80eaa4d853f1cdcebac585fc1abf097:109549379231284131276937989355778342068934555098928431380189719711804555557210:1774364469", "outcome": "down"}
{"timestamp_utc": "2026-03-24T15:01:09Z", "market_key": "SOL5M_2026-03-24T15:05:00Z", "price": 0.4299999025333121, "size": 5.232557, "side": "buy", "trade_id": "0x74b81970d4247c954de310f2b1c39314730131116b98e8520642fc6abfad2f27:109549379231284131276937989355778342068934555098928431380189719711804555557210:1774364469", "outcome": "down"}
{"timestamp_utc": "2026-03-24T15:01:09Z", "market_key": "SOL5M_2026-03-24T15:05:00Z", "price": 0.42999993384614443, "size": 7.860464, "side": "buy", "trade_id": "0xc4f80b20ac7df1e94a97dce73023e48c8f219186259037f8611cbfbde9a92260:109549379231284131276937989355778342068934555098928431380189719711804555557210:1774364469", "outcome": "down"}
{"timestamp_utc": "2026-03-24T15:01:11Z", "market_key": "SOL5M_2026-03-24T15:05:00Z", "price": 0.4299998944545234, "size": 5.116278, "side": "buy", "trade_id": "0x28da9bf8040d5ff72a65cce9a4f3cfc7879167c5ec5a019c91357e0aa02a5a77:109549379231284131276937989355778342068934555098928431380189719711804555557210:1774364471", "outcome": "down"}
{"timestamp_utc": "2026-03-24T15:01:11Z", "market_key": "SOL5M_2026-03-24T15:05:00Z", "price": 0.57, "size": 0.52, "side": "sell", "trade_id": "0x5ad1282987a5a3faa5c8803a3aec8b4294fd2aacf7235812c0a840b4dca14bb9:52116218985102527266465510294286495734518156334144778274815437090598160361900:1774364471", "outcome": "up"}
{"timestamp_utc": "2026-03-24T15:01:11Z", "market_key": "SOL5M_2026-03-24T15:05:00Z", "price": 0.4299999174553361, "size": 5.209301, "side": "buy", "trade_id": "0x4f7df47a82e4a60b7db0fe98b55c0e204da474491c07b91d4db45e5cbbd80b53:109549379231284131276937989355778342068934555098928431380189719711804555557210:1774364471", "outcome": "down"}
{"timestamp_utc": "2026-03-24T15:01:13Z", "market_key": "SOL5M_2026-03-24T15:05:00Z", "price": 0.44, "size": 5.0, "side": "buy", "trade_id": "0x8ba3d90c162d3234969937bd22e8f1744f5fc9ba4903a307a8ae0d7977bd3880:109549379231284131276937989355778342068934555098928431380189719711804555557210:1774364473", "outcome": "down"}
{"timestamp_utc": "2026-03-24T15:01:13Z", "market_key": "SOL5M_2026-03-24T15:05:00Z", "price": 0.55, "size": 0.57, "side": "sell", "trade_id": "0x59e5071baff1196b1bd04bdc9f4d4852353994f357703f2175410510776d17a6:52116218985102527266465510294286495734518156334144778274815437090598160361900:1774364473", "outcome": "up"}
{"timestamp_utc": "2026-03-24T15:01:13Z", "market_key": "SOL5M_2026-03-24T15:05:00Z", "price": 0.43, "size": 5.0, "side": "buy", "trade_id": "0x687c8a9710245b47c4d62e718ff3a9154a72a145777e5f1bfe23cd1d780f6bc5:109549379231284131276937989355778342068934555098928431380189719711804555557210:1774364473", "outcome": "down"}
{"timestamp_utc": "2026-03-24T15:01:13Z", "market_key": "SOL5M_2026-03-24T15:05:00Z", "price": 0.42, "size": 0.57, "side": "sell", "trade_id": "0x6d408667b9540e6534b7d2a01a328e16c396f2a8bc91458c336b11560d807945:109549379231284131276937989355778342068934555098928431380189719711804555557210:1774364473", "outcome": "down"}
{"timestamp_utc": "2026-03-24T15:01:13Z", "market_key": "SOL5M_2026-03-24T15:05:00Z", "price": 0.58, "size": 3.95, "side": "buy", "trade_id": "0x479d93b51bb01986516d5e80be89d09958715f2e9061c3efd6f59b376aff4f1e:52116218985102527266465510294286495734518156334144778274815437090598160361900:1774364473", "outcome": "up"}
{"timestamp_utc": "2026-03-24T15:01:15Z", "market_key": "SOL5M_2026-03-24T15:05:00Z", "price": 0.63, "size": 10.0, "side": "buy", "trade_id": "0xa3ef42f9047b6d311c9d2a4434593f0ebbf607773754b612e8a2d7f6a3281d53:52116218985102527266465510294286495734518156334144778274815437090598160361900:1774364475", "outcome": "up"}
{"timestamp_utc": "2026-03-24T15:01:17Z", "market_key": "SOL5M_2026-03-24T15:05:00Z", "price": 0.36, "size": 0.65, "side": "sell", "trade_id": "0x78140a1cd2719ad413c78af345041793d89c5c40b5d9a1558a8db46003c86479:109549379231284131276937989355778342068934555098928431380189719711804555557210:1774364477", "outcome": "down"}
{"timestamp_utc": "2026-03-24T15:01:17Z", "market_key": "SOL5M_2026-03-24T15:05:00Z", "price": 0.64, "size": 5.0, "side": "buy", "trade_id": "0xb4e757c344d20f8172a58ee512ed29c8abf57add6ba08b142823d80aa74e0039:52116218985102527266465510294286495734518156334144778274815437090598160361900:1774364477", "outcome": "up"}
{"timestamp_utc": "2026-03-24T15:01:17Z", "market_key": "SOL5M_2026-03-24T15:05:00Z", "price": 0.64, "size": 5.078125, "side": "buy", "trade_id": "0x946ae1b0930e25c86f1ff721c58fb81c0ef6ce19c54b4f8356b5657a2c9ce2cc:52116218985102527266465510294286495734518156334144778274815437090598160361900:1774364477", "outcome": "up"}
{"timestamp_utc": "2026-03-24T15:01:19Z", "market_key": "SOL5M_2026-03-24T15:05:00Z", "price": 0.59, "size": 0.72, "side": "sell", "trade_id": "0x394dfed8c0ede5c5faf47745db1e702f37653e6952865e7a53d3dbc5fbf88abf:52116218985102527266465510294286495734518156334144778274815437090598160361900:1774364479", "outcome": "up"}
{"timestamp_utc": "2026-03-24T15:01:19Z", "market_key": "SOL5M_2026-03-24T15:05:00Z", "price": 0.41, "size": 5.0, "side": "buy", "trade_id": "0x590c6dbe87ba8e155777c6d872c06cc49e40b6196bda2990b8bbe1ce8aa5d7fa:109549379231284131276937989355778342068934555098928431380189719711804555557210:1774364479", "outcome": "down"}
{"timestamp_utc": "2026-03-24T15:01:23Z", "market_key": "SOL5M_2026-03-24T15:05:00Z", "price": 0.4009090909090909, "size": 11.0, "side": "buy", "trade_id": "0x7323fffc708b29ab6aaef61fe1c15d1cf40e71cc4e33442ad24aa2b9b4c3ab80:109549379231284131276937989355778342068934555098928431380189719711804555557210:1774364483", "outcome": "down"}
{"timestamp_utc": "2026-03-24T15:01:25Z", "market_key": "SOL5M_2026-03-24T15:05:00Z", "price": 0.4199999453999798, "size": 4.761903, "side": "buy", "trade_id": "0x04e79e048f736ad63fb0677dd66ae91576006eda2a3e765d7106a6910612407b:109549379231284131276937989355778342068934555098928431380189719711804555557210:1774364485", "outcome": "down"}
{"timestamp_utc": "2026-03-24T15:01:25Z", "market_key": "SOL5M_2026-03-24T15:05:00Z", "price": 0.4299998279998968, "size": 2.32558, "side": "buy", "trade_id": "0xe7625523b287e98b88adc1b4df298205a4e13062a0adb77d1832f01333257158:109549379231284131276937989355778342068934555098928431380189719711804555557210:1774364485", "outcome": "down"}
{"timestamp_utc": "2026-03-24T15:01:25Z", "market_key": "SOL5M_2026-03-24T15:05:00Z", "price": 0.59125, "size": 24.0, "side": "buy", "trade_id": "0x56cfa4213e492851ee0cc9da61f0501c6c534f9da3202cfaa9ac0a5e8dfd02ab:52116218985102527266465510294286495734518156334144778274815437090598160361900:1774364485", "outcome": "up"}
{"timestamp_utc": "2026-03-24T15:01:25Z", "market_key": "SOL5M_2026-03-24T15:05:00Z", "price": 0.4299998279998968, "size": 2.32558, "side": "buy", "trade_id": "0x9ae9e0b04d90371996c51376eb6b6759f070e1618c30358b06b1c1e09b55a0de:109549379231284131276937989355778342068934555098928431380189719711804555557210:1774364485", "outcome": "down"}
{"timestamp_utc": "2026-03-24T15:01:27Z", "market_key": "SOL5M_2026-03-24T15:05:00Z", "price": 0.42, "size": 7.98, "side": "buy", "trade_id": "0x78cdbb81cbca5ac904857172ce166e05f1d0307be96dc74c0ec81c7f962789ca:109549379231284131276937989355778342068934555098928431380189719711804555557210:1774364487", "outcome": "down"}
{"timestamp_utc": "2026-03-24T15:01:27Z", "market_key": "SOL5M_2026-03-24T15:05:00Z", "price": 0.57, "size": 0.52, "side": "sell", "trade_id": "0x222644254173f5307c3f3e58623172296e3f116c665021fe3564c52a8737892c:52116218985102527266465510294286495734518156334144778274815437090598160361900:1774364487", "outcome": "up"}
{"timestamp_utc": "2026-03-24T15:01:27Z", "market_key": "SOL5M_2026-03-24T15:05:00Z", "price": 0.4299998279998968, "size": 2.32558, "side": "buy", "trade_id": "0x6e2f717d0a7b21014698d05275f5f77fb2abd66f4db25d0c59054fd34480659f:109549379231284131276937989355778342068934555098928431380189719711804555557210:1774364487", "outcome": "down"}
{"timestamp_utc": "2026-03-24T15:01:27Z", "market_key": "SOL5M_2026-03-24T15:05:00Z", "price": 0.43, "size": 5.0, "side": "buy", "trade_id": "0x4b288772e8589cb15187b6fd4be9f2325726fcf495ac935567d9b6bf8fb9e4cb:109549379231284131276937989355778342068934555098928431380189719711804555557210:1774364487", "outcome": "down"}
{"timestamp_utc": "2026-03-24T15:01:31Z", "market_key": "SOL5M_2026-03-24T15:05:00Z", "price": 0.3931600547195622, "size": 7.31, "side": "buy", "trade_id": "0xc723278a105326b1c6c4f1d3e4c731cdcbb64b4ce39902601bf49d4cc58820f8:109549379231284131276937989355778342068934555098928431380189719711804555557210:1774364491", "outcome": "down"}
{"timestamp_utc": "2026-03-24T15:01:33Z", "market_key": "SOL5M_2026-03-24T15:05:00Z", "price": 0.6099999488386975, "size": 5.081966, "side": "buy", "trade_id": "0x634bbd498f846ce52ba129206ba9833de56fa0177699da1be9ccd674a001fa6e:52116218985102527266465510294286495734518156334144778274815437090598160361900:1774364493", "outcome": "up"}
{"timestamp_utc": "2026-03-24T15:01:33Z", "market_key": "SOL5M_2026-03-24T15:05:00Z", "price": 0.62, "size": 5.0, "side": "buy", "trade_id": "0xbb6b4e2721b2bd278b767a63efdecd9abd75f27d529e957d87f6d1acc8a2bb72:52116218985102527266465510294286495734518156334144778274815437090598160361900:1774364493", "outcome": "up"}
{"timestamp_utc": "2026-03-24T15:01:35Z", "market_key": "SOL5M_2026-03-24T15:05:00Z", "price": 0.6499999796874879, "size": 4.923074, "side": "buy", "trade_id": "0x5449d8c6be718bea2a0f14d3f63ccc5be04ecc21c63e130f09d84a5fd6a5b9bd:52116218985102527266465510294286495734518156334144778274815437090598160361900:1774364495", "outcome": "up"}
{"timestamp_utc": "2026-03-24T15:01:35Z", "market_key": "SOL5M_2026-03-24T15:05:00Z", "price": 0.35, "size": 0.48, "side": "sell", "trade_id": "0x52bc6f24d73427e6e787c5e4dcb70062550ec3b3c2133269a5aac2c51fbf30eb:109549379231284131276937989355778342068934555098928431380189719711804555557210:1774364495", "outcome": "down"}
{"timestamp_utc": "2026-03-24T15:01:37Z", "market_key": "SOL5M_2026-03-24T15:05:00Z", "price": 0.35, "size": 7.71, "side": "buy", "trade_id": "0xd88b8e6fc5f39465006c6e8ebdc02d22a5c408f9553544aa73272c9c3095c183:109549379231284131276937989355778342068934555098928431380189719711804555557210:1774364497", "outcome": "down"}
{"timestamp_utc": "2026-03-24T15:01:37Z", "market_key": "SOL5M_2026-03-24T15:05:00Z", "price": 0.36999986309991373, "size": 2.702701, "side": "buy", "trade_id": "0xca8fa0c908b20d0b57f49b6f610cea86f06561e113b7bc486c01593d32ae6a5a:109549379231284131276937989355778342068934555098928431380189719711804555557210:1774364497", "outcome": "down"}
{"timestamp_utc": "2026-03-24T15:01:37Z", "market_key": "SOL5M_2026-03-24T15:05:00Z", "price": 0.36, "size": 3.18, "side": "sell", "trade_id": "0x748e3f636b791ff41f3d7783ff029439688bb70edebffd66f452bd098b4aab87:109549379231284131276937989355778342068934555098928431380189719711804555557210:1774364497", "outcome": "down"}
{"timestamp_utc": "2026-03-24T15:01:37Z", "market_key": "SOL5M_2026-03-24T15:05:00Z", "price": 0.65, "size": 4.59, "side": "buy", "trade_id": "0x328e975b946dbe26bc41bd0f15b573f5e3e1b5dfeaab11306864f09cc1c8bbbc:52116218985102527266465510294286495734518156334144778274815437090598160361900:1774364497", "outcome": "up"}
{"timestamp_utc": "2026-03-24T15:01:41Z", "market_key": "SOL5M_2026-03-24T15:05:00Z", "price": 0.64, "size": 7.14, "side": "buy", "trade_id": "0x38d0b95d37eb8d01dc1cd77ceec51ad901873d249ca1668cedf87d3fcd6826e1:52116218985102527266465510294286495734518156334144778274815437090598160361900:1774364501", "outcome": "up"}
{"timestamp_utc": "2026-03-24T15:01:41Z", "market_key": "SOL5M_2026-03-24T15:05:00Z", "price": 0.64, "size": 15.0, "side": "buy", "trade_id": "0x477a89a7f0750d5f157ea7df81161e8d71ba5a1c27ed17325dcf13c2ae535ddd:52116218985102527266465510294286495734518156334144778274815437090598160361900:1774364501", "outcome": "up"}
{"timestamp_utc": "2026-03-24T15:01:41Z", "market_key": "SOL5M_2026-03-24T15:05:00Z", "price": 0.62, "size": 1.87, "side": "sell", "trade_id": "0x0150bf5649baab9a43677eee302d8e2435b2eb245f5afb8b7d729338b38d7ba1:52116218985102527266465510294286495734518156334144778274815437090598160361900:1774364501", "outcome": "up"}
{"timestamp_utc": "2026-03-24T15:01:43Z", "market_key": "SOL5M_2026-03-24T15:05:00Z", "price": 0.36761143224728304, "size": 87.918917, "side": "buy", "trade_id": "0xfd0241e162483b4bebe26e293da69b336df292c9f45376b274cfb1c206a255b4:109549379231284131276937989355778342068934555098928431380189719711804555557210:1774364503", "outcome": "down"}
{"timestamp_utc": "2026-03-24T15:01:45Z", "market_key": "SOL5M_2026-03-24T15:05:00Z", "price": 0.68, "size": 2.941175, "side": "buy", "trade_id": "0x7ca62903e5da13accccb1c5228909e109972457e97489fbbbd4dd98c53f91b89:52116218985102527266465510294286495734518156334144778274815437090598160361900:1774364505", "outcome": "up"}
{"timestamp_utc": "2026-03-24T15:01:45Z", "market_key": "SOL5M_2026-03-24T15:05:00Z", "price": 0.31, "size": 0.65, "side": "sell", "trade_id": "0x712b8cad4ae41c48f530a8ff79a408b14f6dba3891c4f18ebec89a9706b09b37:109549379231284131276937989355778342068934555098928431380189719711804555557210:1774364505", "outcome": "down"}
{"timestamp_utc": "2026-03-24T15:01:47Z", "market_key": "SOL5M_2026-03-24T15:05:00Z", "price": 0.7099999431998909, "size": 1.408448, "side": "buy", "trade_id": "0xb9852db371c5a1136091ab17b8b19a1ec1ad6cef92ecbf20089b143620753ec3:52116218985102527266465510294286495734518156334144778274815437090598160361900:1774364507", "outcome": "up"}
{"timestamp_utc": "2026-03-24T15:01:47Z", "market_key": "SOL5M_2026-03-24T15:05:00Z", "price": 0.299999819999928, "size": 3.333332, "side": "buy", "trade_id": "0xc64822d8a91cf3c142721b34778fee9eb73dfb67e03b628f62edc7857cadddaa:109549379231284131276937989355778342068934555098928431380189719711804555557210:1774364507", "outcome": "down"}
{"timestamp_utc": "2026-03-24T15:01:47Z", "market_key": "SOL5M_2026-03-24T15:05:00Z", "price": 0.299999819999928, "size": 3.333332, "side": "buy", "trade_id": "0xa2318571e8806718266bfdc56255558be16e6f84a4eb4812f9f471d3f6056e92:109549379231284131276937989355778342068934555098928431380189719711804555557210:1774364507", "outcome": "down"}
{"timestamp_utc": "2026-03-24T15:01:47Z", "market_key": "SOL5M_2026-03-24T15:05:00Z", "price": 0.33, "size": 10.0, "side": "buy", "trade_id": "0x3db09fcab5ed3a9cb6ad486ef7725869424204beae388ae00223e52113cd64da:109549379231284131276937989355778342068934555098928431380189719711804555557210:1774364507", "outcome": "down"}
{"timestamp_utc": "2026-03-24T15:01:49Z", "market_key": "SOL5M_2026-03-24T15:05:00Z", "price": 0.74, "size": 22.55, "side": "buy", "trade_id": "0x00e5473d46340ddcaa0e42a6818b299921f697563ee13b1727f38e090d6c0069:52116218985102527266465510294286495734518156334144778274815437090598160361900:1774364509", "outcome": "up"}
{"timestamp_utc": "2026-03-24T15:01:49Z", "market_key": "SOL5M_2026-03-24T15:05:00Z", "price": 0.2599998647999351, "size": 3.846152, "side": "buy", "trade_id": "0xb38efe355d4c0c68ff03f3dae24309deec18fbc2b28d56281cb879a6e2b22fdc:109549379231284131276937989355778342068934555098928431380189719711804555557210:1774364509", "outcome": "down"}
{"timestamp_utc": "2026-03-24T15:01:49Z", "market_key": "SOL5M_2026-03-24T15:05:00Z", "price": 0.23, "size": 1.56, "side": "sell", "trade_id": "0x7977eff4465d44e1c623f0609436d8e358f70d463419e784bd48bd551899accf:109549379231284131276937989355778342068934555098928431380189719711804555557210:1774364509", "outcome": "down"}
{"timestamp_utc": "2026-03-24T15:01:49Z", "market_key": "SOL5M_2026-03-24T15:05:00Z", "price": 0.2399998559999424, "size": 4.166665, "side": "buy", "trade_id": "0xa149e2dfe04cf830287312913f4296cd4f2ac323fa3b216bd3a546df31bd1e73:109549379231284131276937989355778342068934555098928431380189719711804555557210:1774364509", "outcome": "down"}
{"timestamp_utc": "2026-03-24T15:01:51Z", "market_key": "SOL5M_2026-03-24T15:05:00Z", "price": 0.77, "size": 15.0, "side": "buy", "trade_id": "0x43aab67af81c6f4e2eaa5d9a40c3e904554fd377c8496423f735350a4161d9ec:52116218985102527266465510294286495734518156334144778274815437090598160361900:1774364511", "outcome": "up"}
{"timestamp_utc": "2026-03-24T15:01:51Z", "market_key": "SOL5M_2026-03-24T15:05:00Z", "price": 0.7899999826199865, "size": 6.329109, "side": "buy", "trade_id": "0xc88630760ada55922c1a38181117468ef4551889b3adda54a074c69f5d885b0d:52116218985102527266465510294286495734518156334144778274815437090598160361900:1774364511", "outcome": "up"}
{"timestamp_utc": "2026-03-24T15:01:51Z", "market_key": "SOL5M_2026-03-24T15:05:00Z", "price": 0.22, "size": 10.0, "side": "buy", "trade_id": "0x1983b0bb292a76a8297f9fded103559cc9172aabcb741dca50b66a54ceec925f:109549379231284131276937989355778342068934555098928431380189719711804555557210:1774364511", "outcome": "down"}
{"timestamp_utc": "2026-03-24T15:01:51Z", "market_key": "SOL5M_2026-03-24T15:05:00Z", "price": 0.77, "size": 18.0, "side": "buy", "trade_id": "0x4c02e31ff8be8594b6bcdee4671d1f8da4edfe9fdea68058e98a7f811eea3867:52116218985102527266465510294286495734518156334144778274815437090598160361900:1774364511", "outcome": "up"}
{"timestamp_utc": "2026-03-24T15:01:51Z", "market_key": "SOL5M_2026-03-24T15:05:00Z", "price": 0.78, "size": 12.86, "side": "buy", "trade_id": "0x6245fda8ec6cee5c54ebfdd1597cf8d8caab5b875f7a6b8cdc37f51ce5cec7b9:52116218985102527266465510294286495734518156334144778274815437090598160361900:1774364511", "outcome": "up"}
{"timestamp_utc": "2026-03-24T15:01:51Z", "market_key": "SOL5M_2026-03-24T15:05:00Z", "price": 0.22, "size": 3.36, "side": "sell", "trade_id": "0x9d54a46df3eb56c553c159118c2cb6d34c601e283cbae1d9bbfe33201ec0d913:109549379231284131276937989355778342068934555098928431380189719711804555557210:1774364511", "outcome": "down"}
{"timestamp_utc": "2026-03-24T15:01:51Z", "market_key": "SOL5M_2026-03-24T15:05:00Z", "price": 0.78, "size": 18.0, "side": "buy", "trade_id": "0x05ad264239656b6c38d6b5b92235c7235dd9da0f71528b5bb3b99e95997b8507:52116218985102527266465510294286495734518156334144778274815437090598160361900:1774364511", "outcome": "up"}
{"timestamp_utc": "2026-03-24T15:01:51Z", "market_key": "SOL5M_2026-03-24T15:05:00Z", "price": 0.79, "size": 18.0, "side": "buy", "trade_id": "0x18a4acf419cf0ba84c62efec91843b636d6dea16a0952905af0a18b4fed3d994:52116218985102527266465510294286495734518156334144778274815437090598160361900:1774364511", "outcome": "up"}
{"timestamp_utc": "2026-03-24T15:01:51Z", "market_key": "SOL5M_2026-03-24T15:05:00Z", "price": 0.7899995338993427, "size": 1.265821, "side": "buy", "trade_id": "0x581720a0c026b502b4e788c63f2a7b9d1bdd6dea33cd529fa4d64a27bfa82b5e:52116218985102527266465510294286495734518156334144778274815437090598160361900:1774364511", "outcome": "up"}
{"timestamp_utc": "2026-03-24T15:01:51Z", "market_key": "SOL5M_2026-03-24T15:05:00Z", "price": 0.77, "size": 15.0, "side": "buy", "trade_id": "0x953cbe7de328e6a17a31610b8e78599270e194672b6443a92ad86fd7feaec11d:52116218985102527266465510294286495734518156334144778274815437090598160361900:1774364511", "outcome": "up"}
{"timestamp_utc": "2026-03-24T15:01:51Z", "market_key": "SOL5M_2026-03-24T15:05:00Z", "price": 0.7723733333333334, "size": 15.0, "side": "buy", "trade_id": "0x2b4793484c351e5c5036c026bcb4ac4969b5801f480380f5994fa015005492d5:52116218985102527266465510294286495734518156334144778274815437090598160361900:1774364511", "outcome": "up"}
{"timestamp_utc": "2026-03-24T15:01:51Z", "market_key": "SOL5M_2026-03-24T15:05:00Z", "price": 0.78, "size": 15.0, "side": "buy", "trade_id": "0x12dfcf0b7800e4aa32140ef75ac52f8e7d2d307f06fc668c5cf5179b22657531:52116218985102527266465510294286495734518156334144778274815437090598160361900:1774364511", "outcome": "up"}
{"timestamp_utc": "2026-03-24T15:01:51Z", "market_key": "SOL5M_2026-03-24T15:05:00Z", "price": 0.78, "size": 15.0, "side": "buy", "trade_id": "0xe1be1ec81f8c2b0e0010e0ab47966d916334876bf33eef50447400ec12893784:52116218985102527266465510294286495734518156334144778274815437090598160361900:1774364511", "outcome": "up"}
{"timestamp_utc": "2026-03-24T15:01:53Z", "market_key": "SOL5M_2026-03-24T15:05:00Z", "price": 0.76, "size": 4.42, "side": "sell", "trade_id": "0x7ec51e91cec4ab367deb1e2946bb2dd2a77d5e254b68f7e6e400db9c649b3f66:52116218985102527266465510294286495734518156334144778274815437090598160361900:1774364513", "outcome": "up"}
{"timestamp_utc": "2026-03-24T15:01:55Z", "market_key": "SOL5M_2026-03-24T15:05:00Z", "price": 0.7899999826199865, "size": 6.329109, "side": "buy", "trade_id": "0xd47531972a4454626d01a8810a867059348478e46748b9c2e9fef6e069cd28c5:52116218985102527266465510294286495734518156334144778274815437090598160361900:1774364515", "outcome": "up"}
{"timestamp_utc": "2026-03-24T15:01:55Z", "market_key": "SOL5M_2026-03-24T15:05:00Z", "price": 0.22, "size": 10.47, "side": "sell", "trade_id": "0x6a2161c455f0402734625846d0c49d0a79c08246d1c8f2a8ff08a1f4c31dfe24:109549379231284131276937989355778342068934555098928431380189719711804555557210:1774364515", "outcome": "down"}
{"timestamp_utc": "2026-03-24T15:01:55Z", "market_key": "SOL5M_2026-03-24T15:05:00Z", "price": 0.7899995338993427, "size": 1.265821, "side": "buy", "trade_id": "0x29807c87ab85b6b490ce7c9a8265562b79277d74d5d442e532dd8aa9c601cea8:52116218985102527266465510294286495734518156334144778274815437090598160361900:1774364515", "outcome": "up"}
{"timestamp_utc": "2026-03-24T15:01:55Z", "market_key": "SOL5M_2026-03-24T15:05:00Z", "price": 0.7899995338993427, "size": 1.265821, "side": "buy", "trade_id": "0xb4ec3ba30209393c062967aecd6df65b011c2e2721077371e8ee89df887cd69d:52116218985102527266465510294286495734518156334144778274815437090598160361900:1774364515", "outcome": "up"}
{"timestamp_utc": "2026-03-24T15:01:57Z", "market_key": "SOL5M_2026-03-24T15:05:00Z", "price": 0.74, "size": 1.68, "side": "sell", "trade_id": "0x3123f37f8d21d8c7a6378efaf86a87ff0c4a9d7c96d0e0cf90823e3bcc4a6806:52116218985102527266465510294286495734518156334144778274815437090598160361900:1774364517", "outcome": "up"}
{"timestamp_utc": "2026-03-24T15:01:57Z", "market_key": "SOL5M_2026-03-24T15:05:00Z", "price": 0.77, "size": 6.62, "side": "buy", "trade_id": "0xc422b453350ff8fc3182d221f2583b3d20ccb72b49f8f12f8b45aa35b2a2d1ee:52116218985102527266465510294286495734518156334144778274815437090598160361900:1774364517", "outcome": "up"}
{"timestamp_utc": "2026-03-24T15:01:57Z", "market_key": "SOL5M_2026-03-24T15:05:00Z", "price": 0.77, "size": 1.2987, "side": "buy", "trade_id": "0x4257c97b5f32141354ea914aa5d318580c848eb0654033940bc4075057bf6c36:52116218985102527266465510294286495734518156334144778274815437090598160361900:1774364517", "outcome": "up"}
{"timestamp_utc": "2026-03-24T15:01:59Z", "market_key": "SOL5M_2026-03-24T15:05:00Z", "price": 0.25, "size": 8.0, "side": "buy", "trade_id": "0x0b9eb9744de6ee56c61736d7f664c34a1aa8a35826a7f26b75cc9c6b44b7c5e3:109549379231284131276937989355778342068934555098928431380189719711804555557210:1774364519", "outcome": "down"}
{"timestamp_utc": "2026-03-24T15:01:59Z", "market_key": "SOL5M_2026-03-24T15:05:00Z", "price": 0.75, "size": 6.01, "side": "sell", "trade_id": "0x71d9a636254064fa946238b9094f8e814216c570df535991f0c4ca7b231733d9:52116218985102527266465510294286495734518156334144778274815437090598160361900:1774364519", "outcome": "up"}
{"timestamp_utc": "2026-03-24T15:01:59Z", "market_key": "SOL5M_2026-03-24T15:05:00Z", "price": 0.7599999087998286, "size": 1.315787, "side": "buy", "trade_id": "0xf989c897126a7010c153a8b18bfa9e33ed7c66a51b88adc98514c359d652cd3f:52116218985102527266465510294286495734518156334144778274815437090598160361900:1774364519", "outcome": "up"}
